4998 6256
1010 603 1119 700 1409,
1145 606 1289 677 Februur
1316 601 1350 674 i.
2041 611 2093 692 31

258 893 375 960 solidos
395 893 425 956 in
448 891 596 964 sutilium
618 899 649 954 et
669 889 889 968 relevationem
905 905 1075 972 pauperum
1095 889 1301 972 pretiosorum
1323 894 1433 958 iutuitu
1455 891 1600 970 oartteb's,
1624 898 1657 956 ut
1678 899 1725 958 est
1745 891 1874 970 deum,
1908 901 1937 956 et
1958 907 2019 968 nou
2042 909 2097 974 per

257 1015 472 1088 accessionem,
495 1009 713 1075 districtionem
734 1023 787 1072 setr
810 1006 1050 1090 compulsionem
1073 979 1207 1088 ailonem
1228 1008 1422 1090 persolvisse.
1479 1008 1522 1072 be
1550 1009 1653 1088 lectis,
1687 1012 1759 1076 risis
1781 1011 1990 1100 utintelleetis
2012 1021 2095 1076 earta

257 1140 286 1194 et
308 1130 534 1194 confirmatione
556 1126 700 1209 predictis
722 1127 892 1206 auditisque
913 1127 1075 1206 superbis
1096 1125 1325 1206 obiectionibus,
1348 1127 1593 1212 allegationibus,
1617 1128 1894 1207 informationibus,
1923 1134 2096 1211 responsio-

256 1250 351 1313 nibus·
367 1260 403 1312 ao
425 1245 492 1311 aliis
508 1247 649 1310 materiis
672 1254 701 1309 et
722 1243 880 1310 eridentlis
902 1245 1028 1311 dirersis
1049 1241 1182 1326 partium
1204 1245 1424 1325 predictarum,
1449 1263 1502 1310 nee
1524 1251 1585 1312 no'n
1607 1245 1710 1312 habita
1732 1263 1825 1327 super
1848 1249 2006 1329 premissis
2031 1265 2095 1312 ma·

255 1375 328 1432 tura
347 1375 377 1430 et
398 1365 535 1447 diligenti
556 1364 776 1429 deliberatione
797 1379 866 1428 eum
889 1365 1062 1428 iustiuiariis
1084 1373 1114 1428 et
1135 1365 1335 1429 smumtibus
1356 1364 1428 1428 dleti
1451 1363 1566 1430 ιιιιιιιιι
1589 1367 1670 1449 ragis
1691 1383 1771 1431 nune
1793 1367 1954 1451 ad'legem
1977 1383 2013 1430 ae
2026 1367 2094 1430 aliis

258 1487 364 1566 peritis
378 1485 425 1548 de
446 1483 576 1547 uousilio
596 1499 664 1560 auo,
686 1486 718 1546 in
741 1483 845 1546 eadem
868 1481 1051 1546 urneellarie
1071 1484 1280 1562 existentibus,
1305 1481 1425 1548 tandem
1446 1483 1669 1548 consideratum
1692 1484 1760 1562 tuit,
1781 1485 1865 1564 quod
1885 1486 1959 1550 dieti
1979 1499 2095 1550 meroe·

256 1612 337 1667 tores
358 1601 397 1666 de
418 1601 568 1666 solutione
590 1599 705 1664 doeime
726 1600 861 1680 predicte
882 1601 943 1664 sint
964 1603 1057 1682 quieti
1079 1610 1110 1665 et
1130 1603 1251 1679 penitus
1272 1607 1443 1679 exonerati,
1475 1611 1504 1668 et
1532 1603 1613 1682 quod
1641 1603 1844 1668 districtiones
1870 1608 1901 1668 iu
1930 1603 1986 1668 bae
2008 1611 2095 1682 parte

255 1729 343 1802 eapte
365 1719 480 1784 eisdem
502 1717 721 1784 mereatoribus
742 1718 932 1796 relarmtur,
955 1729 985 1783 et
1007 1719 1119 1798 quod'
1112 1721 1170 1799 rpsi
1192 1737 1210 1782 a
1231 1722 1318 1784 euris
1340 1731 1443 1785 nostra
1467 1722 1608 1786 resedam
1630 1723 1732 1801 quieti,
1755 1726 1820 1786 siue
1842 1722 1906 1800 die,
1935 1726 2001 1786 iure
2023 1722 2095 1786 dieti

254 1840 370 1904 domiui
392 1841 474 1920 regis
496 1850 575 1901 nune
597 1843 627 1900 et
647 1837 773 1900 alterius
795 1837 1001 1916 ouiuserrnque
1023 1849 1144 1916 seraper
1165 1837 1263 1902 selum

405 1957 469 2020 Nos
487 1963 589 2019 autem
612 1964 746 2020 tenorem
771 1955 890 2018 reeordi
911 1965 941 2018 et
958 1971 1120 2035 pruemsus
1142 1955 1348 2034 prediutortrm
1368 1958 1406 2021 ad
1427 1961 1651 2038 requisitionem
1667 1959 1872 2037 predictorum
1891 1967 2094 2024 mercatorum

253 2075 292 2140 de
313 2075 409 2140 banse
429 2074 571 2140 duximus
597 2072 880 2152 exmplilierrndrrm
908 2082 1155 2152 perpresentes.
1198 2073 1231 2136 ln
1254 2077 1340 2140 euius
1368 2079 1411 2139 rei
1440 2078 1645 2142 testimonium
1674 2077 1730 2141 bas
1757 2077 2005 2142 literasnoerras
2026 2076 2092 2140 tiert

253 2193 379 2257 lenimus
400 2197 548 2272 petentes
587 2191 679 2256 Teste
699 2205 748 2255 me
770 2193 848 2272 ipso,
870 2191 955 2272 apud
966 2191 1284 2270 wesmonasterium,
1306 2195 1449 2259 uicesimo
1471 2203 1579 2276 quarm
1602 2194 1651 2259 die
1670 2195 1754 2273 tulii,
1776 2209 1857 2260 euno
1878 2197 1965 2278 regni
1988 2201 2093 2258 nostro

253 2327 344 2376 nono.
1218 2356 1222 2369 .
1756 2311 1940 2378 Gaunstede.

250 2533 454 2618 xbvlti.
500 2535 546 2613 D.
571 2535 742 2639 Lupiam
771 2538 854 2616 aad
883 2537 929 2616 H.
953 2487 1120 2638 Hatera,
1156 2536 1382 2640 lieietlr'obe,
1414 2541 1496 2619 ond
1524 2540 1572 2620 H.
1599 2537 1733 2621 Somou
1762 2541 1999 2643 udmbopen
2030 2539 2094 2620 dr'e

250 2689 367 2770 tuneo
396 2713 468 2770 ooo
498 2689 534 2768 J.
568 2687 680 2767 Wesl
708 2687 993 2794 ababopeuea
1019 2689 1315 2819 Grundstttelte,
1333 2691 1478 2772 uetere
1510 2697 1611 2772 eiust
1643 2691 1713 2773 der
1742 2691 1935 2797 Kreoped.
1961 2688 2093 2793 Sler'pb

405 2841 602 2944 besessere,
636 2868 689 2922 ore
719 2842 796 2922 deu
829 2841 1067 2924 Geistlr'ebere
1103 2841 1167 2922 rb.
1196 2809 1483 2946 Cbomberleyo
1544 2843 1666 2946 troo,
1698 2841 1948 2959 FebruurI.

403 3021 563 3100 Omnibus,
585 3021 625 3086 ad
646 3034 725 3102 quos
746 3037 872 3104 presens
893 3024 1039 3105 seriptum
1063 3026 1245 3105 peruenerit,
1267 3023 1420 3089 bromius
1440 3023 1591 3108 bopbam,
1611 3023 1757 3088 lienrious
1774 3023 1905 3102 ilenore,
1928 3025 2041 3100 elerici,
2064 3031 2094 3086 et

248 3139 395 3204 ilenrious
413 3137 523 3206 Sumen
542 3141 681 3205 saluteris.
726 3141 877 3206 Nouanus
900 3159 957 3208 nos
978 3144 1141 3221 remisisse,
1164 3141 1318 3208 relaxasse
1338 3153 1370 3208 et
1390 3145 1514 3208 omnino
1535 3144 1574 3208 de
1595 3145 1682 3208 nobis
1704 3152 1734 3207 et
1758 3141 1771 3226 ΙΙ
1798 3143 1960 3208 heredibus
1981 3143 2093 3206 nostris

249 3259 281 3322 in
303 3266 484 3337 perpetuum
505 3260 639 3336 quiemm
661 3261 811 3326 clamasse
827 3261 951 3334 Tbome,
966 3259 1201 3342 Cbamberleyn,
1224 3261 1346 3340 olm-ino,
1369 3262 1531 3328 heredibus
1554 3271 1584 3327 et
1605 3263 1770 3345 emigratis
1792 3263 1855 3326 suis
1878 3269 1973 3325 toturn
1994 3261 2043 3322 ius
2064 3265 2094 3322 et

249 3375 415 3453 elameum,
443 3391 502 3454 que
524 3375 688 3455 babemus,
718 3377 881 3442 babuimus
909 3395 964 3441 serr
990 3377 1195 3458 quouismodo
1222 3379 1337 3443 babere
1365 3382 1533 3460 poterimus
1565 3377 1577 3456 lt
1611 3381 1642 3442 in
1669 3378 1773 3442 tuturo
1802 3381 1834 3442 in
1862 3378 2003 3442 omuibus
2032 3375 2093 3439 illis

247 3496 337 3559 terris
359 3503 389 3558 et
410 3496 586 3558 tenementis
608 3507 676 3558 oum
698 3495 852 3572 wbaruis,
887 3493 1054 3558 redditibus
1075 3503 1105 3558 et
1119 3495 1262 3560 omnibus
1278 3497 1344 3560 suis
1366 3497 1570 3577 peminenbis,
1602 3515 1662 3577 que
1685 3513 1782 3576 nuper
1801 3495 1924 3560 fuerunt
1944 3495 2092 3558 lobannis

246 3611 370 3696 Sieigb,
393 3613 552 3696 armigeri,
575 3614 606 3676 in
628 3614 749 3677 ciuitate
771 3612 907 3690 madon,
929 3621 959 3676 et
980 3627 1039 3692 que
1061 3612 1182 3692 quidem
1205 3621 1303 3678 terras
1321 3623 1355 3678 et
1374 3622 1542 3680 aramenta
1569 3618 1580 3699 u
1599 3617 1676 3678 'uum
1699 3615 1852 3691 wbaruis,
1874 3613 2041 3678 redditibus
2062 3621 2093 3675 et

243 3732 310 3794 suis
330 3731 521 3812 pertinentiis
541 3747 598 3796 rna
621 3747 690 3796 euru
717 3731 787 3796 aliis
814 3733 904 3798 torris
937 3738 967 3794 et
987 3733 1166 3796 tenementis
1187 3734 1218 3794 in
1240 3733 1433 3798 eomitatibus
1453 3731 1606 3800 Soutbser
1632 3741 1663 3797 et
1683 3733 1884 3810 bliddlessex,
1913 3749 1973 3813 que
1993 3745 2092 3810 super

246 3847 368 3912 luerunt
386 3849 514 3929 predieti
532 3847 680 3914 tobmnre
701 3849 817 3934 Sieigb,
840 3865 908 3929 nos,
932 3849 1042 3930 prelati
1061 3849 1226 3928 dionisius,
1249 3850 1397 3914 ilenrieus
1421 3851 1542 3916 lienore
1565 3860 1594 3916 et
1611 3851 1758 3916 ilenriars
1770 3849 1881 3916 Sonam
1901 3867 1937 3914 ee
1954 3848 2091 3930 pretatur

245 3965 381 4032 monas
403 3964 625 4050 Cirrmberleyn
654 3977 685 4032 et
703 3968 857 4033 lohannes
877 3967 1036 4050 Norbury,
1065 3969 1218 4052 armiger,
1248 3982 1347 4050 unper
1374 3970 1466 4034 timul
1495 3970 1656 4035 ιιιιιιιιιιιι
1685 3987 1723 4034 er
1745 3969 1826 4035 duno
1848 3979 1879 4034 et
1898 3969 2090 4034 teodsmmto

244 4083 392 4149 lobannis
412 4085 511 4165 West,
539 4089 582 4150 ita
604 4087 686 4166 quod
708 4103 765 4152 nee
785 4103 852 4166 not,
875 4087 1003 4167 predieti
1025 4085 1189 4166 ilionieies,
1215 4086 1363 4154 desuem
1385 4088 1504 4152 lienore
1527 4097 1556 4152 et
1577 4087 1724 4154 lleurious
1743 4087 1863 4168 Sorner,
1887 4105 1943 4152 nee
1964 4087 2090 4151 trereder

245 4205 352 4280 nostri,
374 4221 429 4267 nee
451 4205 562 4283 aliquis
583 4206 704 4269 nornine
723 4212 830 4270 bostro
851 4205 968 4286 aliquid
989 4208 1065 4270 iuris
1080 4207 1128 4270 rel
1150 4207 1259 4271 olamei
1280 4209 1312 4274 ιιι
1334 4207 1480 4286 predialis
1500 4207 1590 4270 terris
1611 4214 1641 4270 et
1660 4209 1837 4272 tenementis
1855 4223 1924 4270 orrm
1941 4205 2088 4280 rrberuis,
2160 4255 2164 4264 .

245 4319 416 4385 redditibus
437 4330 468 4385 et
488 4323 629 4386 omnibus
650 4323 715 4386 suis
736 4325 927 4404 pertinentiis
949 4333 1002 4388 aut
1021 4326 1054 4388 in
1076 4325 1179 4404 aliqua
1196 4324 1333 4406 paroella
1351 4325 1528 4390 eorumdem
1542 4325 1581 4389 de
1598 4335 1701 4400 eetero
1722 4327 1855 4407 exigere,
1877 4323 2012 4388 olamans
2031 4335 2086 4386 seu

243 4437 403 4504 iendiesre
431 4440 599 4518 poterimus
627 4442 659 4504 in
687 4437 841 4520 betarum,
875 4451 922 4507 set
949 4443 987 4506 ab
1009 4444 1093 4508 omni
1115 4446 1238 4508 aeeioue
1267 4445 1345 4508 iuris
1370 4453 1402 4508 et
1427 4444 1535 4509 obmei
1563 4444 1678 4524 aliqrrid
1707 4443 1778 4506 inde
1805 4441 1925 4522 petendi
1955 4441 2088 4504 totalber

244 4558 340 4622 rimus
378 4557 494 4621 erolusi
534 4559 756 4638 imperpetuum
796 4577 854 4640 per
893 4568 1060 4641 presentes
1115 4562 1148 4625 lrr
1185 4563 1272 4626 ouius
1304 4563 1350 4626 rei
1378 4564 1584 4630 testimon'nrm
1619 4560 1811 4643 presentibus
1842 4559 1945 4642 sigilla
1982 4567 2086 4624 nostre

243 4675 455 4755 apposuimus.
502 4675 611 4740 ilatum
633 4675 773 4755 laudm,
806 4679 907 4758 prino
929 4678 979 4743 die
1001 4679 1172 4757 Februarii,
1205 4697 1286 4744 enno
1307 4683 1395 4764 regni
1416 4682 1498 4790 regis
1519 4679 1641 4744 ilenriei
1661 4680 1763 4760 parui
1791 4687 1860 4760 post
1887 4685 2086 4756 murratum

242 4792 372 4858 deeimo.

395 4907 439 4978 Ia
461 4911 582 4982 dorso:
623 4913 707 4978 istud
730 4916 876 4996 seriptum
898 4915 1010 4980 laetum
1031 4923 1063 4980 et
1083 4915 1306 4982 irrotulatum
1298 4935 1330 4982 ru
1350 4845 1507 5000 liasteugo
1528 4915 1655 4981 bomon
1681 4917 1724 4980 de
1742 4915 1864 4996 pituitis
1884 4923 1965 4980 terre
1986 4915 2085 4991 tenus

242 5027 292 5093 die
317 5028 401 5096 errre
432 5034 574 5112 proxima
600 5032 809 5114 pusttestum
839 5037 935 5098 sarred
960 5033 1041 5100 buoe
1068 5037 1268 5119 mangoliste,
1302 5053 1383 5102 anuo
1412 5037 1500 5117 regni
1526 5036 1610 5118 regis
1636 5034 1758 5100 ilenriei
1788 5036 1889 5115 ourani
1916 5042 1986 5113 port
2013 5044 2085 5096 eort-

241 5155 380 5227 questum
403 5149 571 5216 undecimo.

1690 5269 1879 5337 tbnbarm.
