4862 6266
428 587 515 670 206
1174 587 1285 682 telo,
1309 590 1432 684 August
1456 588 1491 659 l.

429 876 560 940 babeant
581 871 680 938 lenm
701 879 796 937 totum
818 875 879 950 ius,
902 872 983 952 qnod
1005 871 1141 961 antiquo
1165 884 1304 964 tempore
1325 875 1437 942 ibidem
1463 871 1474 958 ll
1502 875 1670 939 babuerunt
1695 877 1726 940 in
1748 875 1835 954 aquis
1856 883 1885 938 et
1906 877 2009 950 terris,
2038 881 2182 954 qnantum
2204 879 2251 936 est

429 999 460 1058 in
482 994 580 1058 nobis.
623 989 666 1056 lta
688 991 820 1070 scilicet,
853 991 935 1070 quod
957 993 1115 1074 unicuique
1142 1010 1246 1058 eorum
1268 994 1373 1072 liceat,
1406 994 1563 1075 unicnique
1584 995 1696 1074 petenti
1718 995 1797 1058 bona
1818 1010 1874 1056 sua
1897 992 2038 1071 rendere,
2070 1001 2131 1056 tam
2152 1009 2249 1073 parua

429 1129 520 1193 qnam
541 1126 662 1194 magna,
685 1119 715 1174 ct
735 1109 828 1174 simili
849 1111 940 1175 modo
962 1112 1001 1174 ab
1023 1111 1092 1176 aliis
1124 1109 1135 1194 ’,Ι
1167 1127 1271 1176 emere
1286 1128 1344 1192 pro
1365 1115 1491 1194 pecunia
1513 1114 1560 1178 vel
1582 1121 1752 1194 permutare
1774 1128 1887 1177 merces
1910 1128 1978 1176 cum
2001 1112 2160 1190 mercibus,
2187 1112 2254 1172 vni-

429 1233 536 1312 cniqne
558 1247 662 1295 eornm
684 1231 946 1308 conuenientibus,
979 1235 1044 1296 siue
1065 1235 1104 1294 sit
1125 1231 1285 1314 burgensis
1313 1232 1377 1296 siue
1406 1232 1518 1314 hospes
1552 1233 1668 1297 alienus
1696 1249 1748 1297 seu
1771 1232 1975 1310 rndccnmque
1996 1230 2104 1308 luerit,
2137 1231 2253 1308 absque

429 1357 545 1416 cissnra
566 1358 596 1414 et
616 1347 796 1432 fragmento,
819 1353 951 1430 exceptis
973 1352 1190 1416 mercatoribus
1212 1350 1291 1414 dicte
1307 1349 1405 1416 llanse
1423 1352 1453 1416 in
1472 1353 1607 1433 predicta
1625 1352 1696 1416 rilla
1711 1352 1908 1428 morantibus,
1931 1351 2039 1430 quibus
2061 1349 2103 1412 nil
2125 1348 2256 1412 rendere

430 1471 572 1548 debeant,
606 1477 636 1532 rt
662 1472 721 1549 ipsi
748 1477 854 1548 postea
875 1469 950 1534 illud
972 1471 1083 1536 ibidem
1107 1470 1175 1535 aliis
1196 1469 1338 1534 vendant.
1380 1469 1453 1536 ltem
1482 1471 1685 1538 eoucmsimus
1713 1478 1742 1535 ct
1762 1471 1936 1547 statuimus,
1965 1468 2046 1549 quod
2067 1469 2143 1532 bene
2164 1467 2254 1531 liceat

429 1589 559 1674 singulis
584 1590 801 1653 mercatoribus
829 1589 907 1654 dicte
932 1588 1049 1667 llanse,
1081 1589 1196 1669 absque
1225 1590 1398 1669 calumpnia
1430 1590 1558 1655 alicuius
1589 1598 1740 1667 nostrum,
1773 1589 1885 1653 babere
1916 1588 2051 1667 bospicia
2083 1604 2140 1650 sua
2172 1587 2255 1666 apud

431 1717 544 1774 cosmet
565 1710 667 1788 ipsos,
699 1715 759 1772 tam
781 1709 811 1771 in
834 1711 974 1789 expensis
996 1725 1087 1788 qnam
1108 1709 1140 1774 in
1161 1707 1231 1772 eliis
1252 1709 1515 1792 negociacionibus
1536 1707 1681 1774 esitandis
1703 1711 1732 1772 in
1754 1709 1898 1790 hospiciis
1920 1709 1998 1784 suis,
2031 1724 2090 1787 qne
2111 1723 2169 1785 pro
2192 1708 2256 1769 suis

431 1809 564 1894 denariis
586 1826 790 1892 conduxerint
834 1827 907 1892 ltem
928 1831 1131 1894 concessimus
1159 1836 1187 1892 et
1208 1830 1367 1894 statuimus
1392 1828 1528 1912 singulos
1554 1836 1737 1893 mercatores
1763 1827 1840 1892 dicte
1863 1826 1961 1891 Hense
1989 1825 2101 1890 liberos
2128 1823 2196 1888 lore
2217 1827 2257 1888 ab

433 1949 514 2012 omni
536 1948 692 2030 moragio,
722 1948 873 2029 panagio,
899 1950 1044 2032 pontagio
1066 1957 1095 2013 et
1116 1949 1154 2012 ab
1176 1950 1259 2012 omni
1281 1949 1391 2012 inusito
1412 1956 1442 2012 et
1463 1949 1640 2012 inconsueto
1663 1947 1832 2024 theolonio,
1855 1953 1980 2024 excepto
2002 1947 2152 2026 inpagis,
2175 1943 2257 2022 quod

432 2066 563 2146 dabunt,
586 2074 616 2130 ut
637 2068 675 2132 ab
697 2070 822 2148 antiquo
844 2075 979 2150 tempore
1001 2068 1082 2132 soliti
1104 2065 1239 2146 inerunt,
1262 2068 1300 2131 de
1323 2068 1411 2132 bonis
1432 2083 1525 2148 snper
1548 2067 1628 2150 kaya
1650 2067 1757 2146 positis
1764 2085 1775 2143 ς
1808 2073 1853 2130 set
1874 2063 1911 2130 de
1932 2066 2020 2129 bonis
2043 2064 2122 2128 ultra
2143 2065 2255 2144 trapam

433 2187 560 2268 portatis
588 2185 676 2250 liberi
702 2187 762 2250 sint
790 2194 819 2249 et
847 2188 951 2265 quieti.
994 2186 1066 2251 ltem
1088 2189 1291 2252 concessimus
1313 2195 1343 2250 et
1363 2191 1537 2265 statuimus,
1571 2185 1652 2265 quod
1673 2187 1749 2250 bene
1770 2186 1857 2250 liceat
1879 2186 2018 2248 omnibus
2041 2184 2258 2247 mercatoribus

436 2306 514 2370 dicte
535 2303 635 2370 llanse
656 2305 736 2370 bona
758 2321 832 2382 soa,
859 2307 972 2386 absque
994 2305 1166 2388 calumpnia
1188 2307 1317 2372 alicuius
1339 2274 1491 2383 nostrum,
1521 2319 1645 2370 seruare
1666 2315 1727 2370 tam
1756 2308 1786 2368 in
1808 2317 1999 2384 equaquam
2021 2306 2051 2366 in
2074 2311 2154 2366 terra
2177 2311 2205 2365 et
2227 2305 2257 2364 in

433 2426 578 2506 hospiciis
595 2425 669 2501 suis,
691 2441 848 2504 quousque
863 2425 1023 2492 terminon
1041 2424 1080 2488 ad
1098 2423 1257 2491 emendum
1275 2433 1305 2489 et
1320 2425 1509 2490 vendendum
1525 2441 1578 2490 sen
1598 2423 1802 2508 nauigandum
1816 2424 1875 2489 sibi
1891 2421 2018 2486 uiderint
2036 2422 2256 2488 conuenientem

435 2553 466 2608 et
490 2551 684 2626 oportunum.
733 2541 806 2609 ltem
834 2547 1039 2610 concessimus
1066 2552 1096 2607 et
1122 2548 1298 2622 statuimus,
1332 2551 1361 2606 vt
1388 2561 1457 2609 cum
1484 2544 1618 2608 venerint
1644 2559 1737 2608 naues
1764 2542 1842 2606 dicte
1863 2541 1962 2606 llanse
1990 2540 2028 2604 ad
2057 2549 2179 2621 purterm
2204 2557 2259 2604 seu

438 2661 542 2727 villam
571 2671 722 2739 neuram,
755 2660 836 2741 qnod
863 2663 940 2726 bene
966 2663 1056 2728 liceat
1083 2665 1182 2740 nautis
1208 2671 1238 2726 et
1265 2662 1484 2728 mercatoribus
1510 2661 1673 2726 earundem
1703 2662 1826 2725 naniam
1848 2663 1929 2742 ipsas
1959 2677 2052 2724 naues
2073 2659 2262 2740 applicantes

437 2797 493 2863 per
520 2795 610 2846 cuum
637 2788 758 2862 tempus
786 2797 864 2860 aque
891 2781 987 2864 ligare
1014 2789 1043 2846 et
1071 2781 1192 2846 firmare
1217 2783 1397 2862 ubicumque
1424 2781 1573 2846 voluerint
1600 2789 1630 2844 et
1657 2781 1716 2846 sibi
1743 2789 1848 2859 aptum
1870 2779 2031 2856 crederint,
2065 2780 2180 2858 absque
2202 2779 2262 2842 rlla

438 2902 565 2980 pecnnia
594 2915 647 2966 seu
677 2899 882 2981 redemptione
912 2916 1112 2980 quacumque.
1155 2898 1208 2967 Set
1235 2902 1261 2964 si
1289 2900 1341 2964 ille
1370 2916 1462 2964 naues
1492 2900 1569 2965 tltra
1592 2916 1682 2964 vnum
1705 2909 1822 2979 tempus
1843 2917 1921 2980 aque
1943 2899 1981 2962 ad
2002 2901 2113 2980 trapam
2136 2898 2262 2964 alicnus

438 3019 530 3101 ligate
559 2999 686 3096 luerint,
720 3019 777 3082 nisi
806 3019 844 3084 de
870 3034 1047 3098 possessore
1073 3019 1155 3086 illios
1181 3020 1260 3102 traye
1286 3018 1395 3084 domm
1422 3035 1479 3098 per
1499 3028 1681 3084 mercatores
1703 3018 1826 3082 illarum
1847 3019 1971 3083 nauium
1993 3016 2141 3081 conducta
2161 3015 2262 3092 luerit,

440 3137 554 3203 dabunt
574 3137 801 3216 possessoribus
823 3137 904 3202 illius
927 3139 1004 3219 tape
1025 3139 1158 3215 aliquem
1180 3141 1338 3218 pecuniam
1359 3154 1417 3218 pro
1439 3137 1583 3218 ligatione
1603 3137 1725 3202 illarum
1747 3141 1881 3215 nauium,
1904 3141 1982 3200 sicut
1997 3137 2105 3202 melius
2123 3145 2264 3216 poterunt

441 3260 612 3325 conuenire.
656 3255 729 3327 lteen
751 3257 954 3322 concessimus
984 3264 1014 3319 et
1041 3258 1216 3334 statuimus,
1249 3262 1279 3318 rt
1306 3271 1375 3320 cum
1397 3256 1531 3320 uenerint
1554 3257 1634 3320 bona
1655 3264 1859 3320 mercatorem
1881 3255 1959 3321 dicte
1979 3255 2078 3320 llanse
2099 3255 2138 3320 ad
2161 3255 2266 3318 sillam

442 3385 578 3442 nostram
602 3374 717 3455 Leone,
746 3375 828 3456 qood
855 3393 910 3440 nos
938 3377 1006 3458 ipsa
1034 3374 1194 3458 diligenter
1220 3374 1434 3454 prouideamus
1456 3381 1617 3453 antequam
1645 3384 1803 3458 argeutum
1831 3374 1887 3438 Dei
1914 3375 1960 3444 rel
1986 3391 2074 3438 arras
2103 3373 2172 3438 inde
2202 3383 2266 3436 tra·

439 3495 563 3572 damus,
590 3499 662 3575 quia
683 3502 752 3574 post
772 3503 931 3578 argentum
954 3495 1006 3559 [lei
1027 3494 1131 3559 datum
1153 3493 1294 3558 nolumus
1314 3492 1447 3572 aliquem
1468 3495 1500 3558 in
1521 3495 1625 3574 precio
1647 3493 1746 3560 lacem
1767 3493 2011 3570 diminutionem,
2038 3511 2093 3558 nec
2116 3493 2266 3570 volumus,

442 3613 522 3694 quod
545 3621 727 3680 mercatores
748 3613 827 3678 dicte
848 3612 947 3678 llanse
976 3615 1053 3678 vltra
1082 3615 1139 3676 tria
1168 3629 1245 3693 aque
1268 3622 1404 3694 tempore
1425 3629 1494 3678 cum
1516 3621 1642 3696 argento
1663 3612 1718 3678 liei
1744 3615 1776 3677 iu
1797 3611 1950 3692 aliquibus
1972 3611 2167 3676 mercandisis
2188 3613 2268 3676 obli-

442 3740 561 3816 flentur.
605 3732 679 3798 ltem
705 3735 733 3796 si
760 3741 942 3798 mercatores
969 3733 1048 3798 dicte
1070 3731 1169 3796 llanse
1197 3732 1343 3798 vendendi
1371 3733 1451 3796 bona
1480 3749 1535 3797 sna
1562 3731 1736 3798 lacultatem
1765 3740 1867 3814 aptam
1889 3749 1950 3796 non
1971 3731 2145 3807 babuerint,
2178 3731 2269 3794 liceat

444 3852 488 3914 eis
509 3869 544 3914 ea
565 3851 644 3915 bona
666 3849 816 3916 abducere
837 3869 898 3932 quo
921 3850 1081 3930 voluerint,
1103 3853 1167 3916 sine
1189 3851 1362 3930 calumpnia
1380 3852 1508 3916 alicuius
1525 3860 1672 3916 nostrum.
1716 3849 1852 3916 llabeant
1873 3853 1963 3922 etiam
1984 3859 2168 3916 mercatores
2189 3849 2270 3914 dicte

439 3967 545 4045 llanse
571 3969 603 4032 in
633 3970 870 4050 quibuscumque
899 3969 1095 4036 mercandisis
1123 3971 1186 4036 suis
1214 3971 1328 4050 absque
1356 3970 1529 4052 calumpnia
1550 3972 1677 4035 alicuius
1699 3978 1837 4034 nostrum
1859 3969 1978 4048 pondos
1999 3985 2105 4046 suum,
2137 3971 2216 4034 sicut
2237 3971 2269 4032 in

448 4094 532 4150 carta
560 4103 616 4168 per
644 4084 798 4152 dominum
826 4107 927 4172 regem
954 4094 998 4154 eis
1028 4106 1170 4155 concessa
1200 4089 1319 4168 plenius
1348 4091 1527 4153 continetur.
1570 4089 1607 4153 Et
1632 4091 1659 4152 si
1687 4089 1796 4168 aliquis
1822 4087 1860 4152 de
1888 4091 2000 4152 nostris
2021 4087 2171 4156 discordet
2199 4105 2270 4150 cnm

447 4209 551 4286 aliquo
572 4212 739 4270 mercatore
760 4204 838 4269 dicte
859 4206 958 4272 Heme
978 4225 1071 4292 super
1092 4209 1195 4288 aliquo
1217 4215 1374 4274 contractu
1396 4209 1556 4286 mercium,
1586 4211 1790 4272 concessimus
1811 4217 1841 4270 et
1862 4211 2036 4284 statuimus,
2064 4207 2145 4286 qnod
2167 4209 2268 4270 statim

452 4337 520 4390 tuuc
542 4330 643 4390 maior
663 4321 763 4389 Leone
793 4325 884 4410 eliget
911 4325 987 4390 duos
1010 4327 1112 4392 ddeles
1139 4328 1305 4408 burgenses
1327 4334 1478 4403 nostrum,
1511 4335 1541 4390 et
1569 4323 1799 4392 oldr'rmounus
1828 4327 1906 4390 dicte
1933 4326 2032 4390 llanse
2060 4326 2138 4391 duos
2165 4326 2268 4389 fideles

447 4453 627 4508 mercatores
649 4445 782 4509 eiusdem
803 4441 918 4521 llanse,
946 4445 998 4528 qui
1019 4453 1148 4523 quatuor
1170 4446 1256 4510 electi
1278 4459 1346 4508 com
1367 4443 1544 4526 diligencie,
1573 4459 1633 4525 qua
1655 4453 1812 4526 poterunt,
1842 4441 2065 4523 discordantes,
2094 4448 2120 4510 si
2141 4449 2266 4526 possint,

447 4565 683 4628 concordabunt.
726 4563 763 4629 llt
784 4581 840 4628 nos
857 4563 1002 4646 predicti,
1021 4566 1118 4628 maior
1139 4573 1169 4630 et
1190 4566 1355 4647 burgenses
1377 4565 1600 4630 communitatis
1622 4565 1691 4630 ville
1707 4565 1808 4630 bonne
1829 4582 1866 4630 ac
1883 4581 2073 4630 successores
2094 4574 2124 4628 et
2146 4561 2267 4628 beredes

448 4685 544 4746 nostri
564 4699 670 4748 omnes
691 4692 721 4748 et
742 4684 878 4766 singulos
900 4682 1044 4749 articulos
1060 4685 1245 4763 prescriptos
1266 4690 1418 4748 eteorum
1436 4685 1599 4762 menube
1615 4688 1659 4748 sie
1677 4701 1839 4750 concessos
1855 4694 1885 4750 et
1900 4691 2028 4748 statutos
2044 4685 2075 4744 in
2091 4693 2268 4764 perpetuum

449 4798 574 4864 tirmiter
595 4801 778 4880 tenebimus,
800 4802 894 4868 nullis
915 4801 1157 4884 exceptionibus,
1180 4803 1446 4880 canellatiouibus,
1469 4801 1693 4870 defensionibus
1715 4821 1769 4870 nec
1790 4803 1916 4870 cautelis
1937 4806 1969 4868 in
1991 4802 2174 4869 eontrarium
2196 4801 2270 4862 sali

456 4916 542 4978 turis.
592 4918 625 4981 ln
646 4923 731 4985 cuius
760 4922 803 4984 rei
832 4923 1034 4986 testimonium
1063 4919 1199 5004 sigillum
1225 4929 1362 4985 nostrum
1391 4931 1549 4987 commune
1576 4925 1799 4986 communitatis
1828 4931 1929 4987 nostre
1957 4921 2056 4985 lenne
2082 4921 2271 5000 presentibus

450 5034 558 5098 litteris
586 5031 789 5115 apposmmus
834 5039 942 5104 ilatum
971 5041 1051 5122 apud
1078 5039 1179 5106 Leone
1206 5042 1237 5104 in
1269 5041 1359 5120 plena
1386 5043 1470 5106 coria
1496 5049 1600 5106 nostra
1627 5041 1756 5119 ibidem
1789 5041 1965 5124 primodie
1991 5040 2103 5104 mensis
2131 5039 2274 5122 nugnsu.

445 5153 541 5266 *Anno
569 5151 687 5216 bomini
716 5157 755 5220 ab
784 5159 988 5224 incarnatione
1017 5160 1177 5226 millesimo
1206 5155 1325 5229 occet
1352 5159 1485 5239 decimo,
1518 5169 1547 5225 et
1579 5177 1659 5226 anno
1687 5164 1772 5246 regni
1802 5161 1882 5246 regis
1910 5157 2071 5242 Edwardi,
2103 5157 2158 5226 dlii
2191 5161 2276 5242 regis

452 5269 606 5352 Edwardi,
629 5281 746 5352 quarto.
