4914 6254
990 580 1100 678 itai,
1125 583 1269 656 Febrnur
1294 580 1354 656 2⁰.
2024 581 2081 662 53

238 889 421 974 mxxii.
486 889 686 996 Vorplcv'clr
726 889 797 969 dee
833 887 1090 994 Mapielrclce
1125 911 1173 968 etr
1211 837 1373 970 tonica
1407 897 1478 970 mil
1518 891 1594 970 deu
1632 889 1860 994 Koullculcu
1895 915 1969 970 ooo
2009 889 2081 970 der

602 1041 800 1122 Ge’ldbclle
831 1043 902 1122 der
930 1041 1165 1122 Doaclacbeu.
1227 1040 1345 1144 1427,
1383 1043 1559 1124 naboar
1589 1044 1660 1127 20.
1686 1043 1722 1144 ¹)

395 1227 549 1291 Universis
571 1233 600 1288 et
621 1223 750 1307 singtilis
771 1220 886 1288 Christi
908 1221 1048 1288 lidelibus
1069 1227 1261 1304 presencium
1283 1228 1497 1290 continentiam
1520 1231 1630 1290 visuris
1658 1225 1704 1289 vel
1727 1224 1891 1302 audituris,
1925 1221 2080 1287 lohannes

240 1345 416 1428 lieynvvell‚
439 1348 555 1422 maior,
577 1343 783 1420 aldermanni,
815 1345 1005 1406 vicecomites
1027 1351 1055 1406 et
1078 1348 1278 1408 communitas
1301 1347 1431 1408 civitatis
1454 1343 1589 1410 london.
1613 1345 1742 1410 salutem
1764 1345 1795 1408 in
1817 1342 1947 1407 Domino
1969 1345 2080 1422 sempi-

240 1475 357 1528 ternam
379 1480 415 1527 ac
438 1470 583 1543 perpetue
605 1465 648 1524 rei
669 1471 754 1543 geste
777 1464 965 1526 memoriam.
1009 1461 1132 1526 Noverit
1154 1463 1333 1528 universitas
1356 1474 1466 1542 vestra,
1490 1466 1572 1544 quod
1588 1468 1730 1528 vicesimo
1746 1462 1796 1526 die
1807 1462 1974 1537 Februarii,
1997 1475 2078 1523 anuo

240 1586 327 1666 regui
349 1585 431 1664 regis
448 1581 568 1645 llendci
590 1585 666 1645 sexti
681 1585 798 1659 quinto,
822 1595 1010 1659 concessum,
1033 1581 1244 1646 coullrmatum
1266 1591 1295 1646 et
1313 1583 1530 1648 concordatum
1552 1582 1608 1647 luit
1629 1601 1686 1662 per
1708 1598 1774 1660 nos,
1797 1584 1955 1657 maiorem,
1979 1577 2079 1644 alder-

242 1717 381 1778 mannos,
404 1703 593 1764 vicecomites
616 1707 646 1762 et
667 1699 911 1764 communitatem
934 1699 1117 1777 antedictos,
1152 1705 1183 1764 in
1206 1710 1310 1765 nostro
1332 1702 1423 1781 pleno
1451 1711 1481 1766 et
1509 1706 1662 1766 communi
1689 1701 1816 1766 consilio
1839 1699 1920 1780 apud
1943 1695 2080 1778 Gnybal·

239 1819 321 1896 dam,
344 1827 471 1900 propter
491 1819 547 1881 bec
568 1825 598 1881 et
619 1817 680 1881 alia
703 1820 824 1898 negotia
846 1821 978 1882 ciuitatis
1007 1821 1219 1900 pertractanda
1248 1829 1468 1904 congregatos,
1502 1819 1583 1899 quod
1611 1828 1796 1884 mercatores
1824 1818 1862 1881 de
1883 1816 1986 1880 llansa
2009 1813 2080 1878 ille

240 1941 361 2002 mannie
383 1937 462 2002 inira
484 1935 620 2000 bondon.
648 1933 812 2000 residentes
840 1944 870 1999 et
895 1933 1104 2022 Gupboldom
1131 1937 1379 2006 Teutonicorum
1408 1941 1571 2020 vulgariter
1601 1947 1805 2019 nuncupatam
1835 1940 2020 2014 optinentes,
2050 1941 2080 1995 et

239 2073 345 2121 omnes
367 2056 419 2119 alii
441 2061 622 2120 mercatores
644 2054 683 2119 de
705 2052 805 2118 llausa
828 2053 1024 2135 Alamannia,
1053 2062 1105 2137 qul
1128 2061 1315 2141 temporibus
1344 2057 1455 2122 luituris
1477 2063 1565 2121 eruut
1591 2055 1671 2120 inira
1693 2054 1830 2120 london.
1861 2053 2027 2118 residentes
2049 2058 2079 2113 et

240 2174 352 2238 dictam
378 2172 571 2256 Guylraldam
593 2177 772 2252 optinentes,
795 2173 927 2238 babeant
948 2184 978 2240 et
999 2177 1150 2242 babebnut
1173 2178 1404 2243 aldermannum
1426 2191 1514 2241 sunm
1536 2183 1566 2240 ei
1586 2192 1692 2240 omnes
1715 2175 1793 2238 alias
1815 2173 1978 2248 libertates,
2002 2185 2078 2249 quas

240 2293 388 2358 lleuncus
410 2292 553 2374 Waleys,
581 2290 735 2372 quondam
763 2296 878 2372 maior,
909 2303 938 2357 et
959 2301 1159 2361 communitas
1181 2299 1310 2360 civitatis
1331 2294 1466 2376 predicte
1498 2295 1651 2374 quondam
1674 2294 1894 2358 mercatoribus
1915 2289 1954 2354 de
1976 2287 2078 2352 Hansa

237 2412 348 2476 dictam
370 2409 554 2476 Guibaldam
575 2411 790 2489 optinentibus,
814 2429 870 2493 per
892 2414 1007 2478 litteras
1029 2431 1112 2492 suas,
1144 2431 1272 2495 quarum
1295 2415 1399 2479 datum
1423 2423 1468 2478 est
1487 2413 1625 2478 london.
1648 2429 1752 2478 mense
1772 2412 1865 2488 tuni,
1888 2423 1969 2472 anno
1992 2409 2078 2488 regni

238 2535 320 2614 regis
341 2529 498 2605 Edwardi,
520 2529 576 2590 lilii
599 2533 679 2611 regis
701 2529 832 2608 llenrici,
855 2531 985 2608 decimo,
1000 2533 1038 2613 ῃ)
1062 2542 1122 2598 tam
1144 2535 1201 2601 sub
1224 2537 1376 2598 communi
1399 2533 1501 2618 sigillo
1523 2533 1657 2598 eiusdem
1680 2535 1827 2606 civitatis,
1860 2541 1952 2607 quam
1975 2524 2077 2608 sigillo

237 2647 347 2728 prelati
370 2649 484 2712 domini
506 2650 587 2730 regis
608 2647 752 2711 Edwardi
774 2649 936 2732 sigillatus,
958 2661 1182 2730 concesserunt,
1205 2653 1282 2717 adeo
1303 2653 1393 2733 plene
1414 2661 1444 2715 et
1471 2655 1598 2734 integre,
1630 2653 1705 2714 sicut
1728 2651 1787 2730 ipsi
1808 2661 1942 2726 uuquam
1965 2645 2079 2708 babue-

238 2777 325 2845 runt,
359 2775 389 2832 et
420 2775 512 2846 prout
543 2765 643 2829 littere
675 2765 726 2828 ille
755 2767 977 2832 rationabiliter
1007 2778 1170 2834 testantur:
1204 2775 1326 2849 proviso
1359 2787 1498 2852 semper,
1531 2770 1613 2852 quod
1641 2769 1857 2835 aldermannus
1889 2765 1941 2828 ille
1974 2766 2014 2827 sit
2042 2761 2079 2825 de

237 2888 376 2951 libertate
402 2887 532 2950 civitatis
560 2883 709 2965 predicte,
743 2902 779 2948 ac
807 2885 937 2968 eligatur
963 2897 992 2952 et
1018 2889 1211 2984 admittatur,
1244 2893 1322 2955 sieut
1350 2892 1381 2954 in
1412 2890 1520 2953 litteris
1546 2889 1691 2967 predictis
1718 2889 1904 2961 continetur,
1938 2891 1969 2946 et
1995 2879 2077 2961 quod

234 3004 408 3070 huiusmodi
440 3003 656 3070 aldermannus
696 3019 756 3067 non
795 3008 999 3072 manutenebit
1037 3025 1092 3072 nee
1130 3010 1322 3090 supportabit
1360 3010 1457 3072 dictos
1498 3014 1683 3072 mercatores
1721 3014 1827 3071 eontra
1860 3009 1972 3066 statum
2004 3015 2077 3077 pro·

236 3124 346 3187 licuum
378 3133 432 3187 aut
463 3123 608 3188 bonorem
642 3125 769 3188 civitatis
801 3124 936 3204 predicte
968 3128 1183 3207 quoquomodo
1216 3130 1247 3191 lu
1275 3127 1422 3193 balurum.
1475 3128 1520 3192 bd
1553 3142 1612 3207 que
1640 3125 1778 3192 iacienda
1809 3132 1837 3188 et
1866 3136 1926 3187 uou
1956 3126 2076 3184 eontra·

237 3241 383 3305 venienda
405 3241 532 3320 quilibet
553 3241 772 3307 aldermannus
794 3243 985 3327 huiusmodi,
1015 3263 1083 3312 cum
1106 3247 1145 3312 ad
1167 3247 1305 3313 olllcium·
1323 3247 1398 3312 illud
1421 3246 1511 3312 luerit
1533 3246 1750 3321 admittendus,
1773 3240 1895 3306 vinculo
1916 3237 2077 3303 iuramenti

235 3363 470 3441 constringatur.

388 3476 434 3540 dd
457 3476 621 3541 dolendum
643 3481 733 3541 eiiam
756 3488 785 3542 et
806 3481 1067 3546 determinandum
1090 3484 1173 3562 lites,
1207 3484 1410 3550 dissensiones
1432 3495 1461 3549 et
1483 3489 1711 3560 contenciones,
1748 3497 1807 3561 que
1828 3479 1867 3542 de
1888 3478 1940 3541 diu
1963 3489 2075 3555 pepen-

235 3595 346 3660 derunt
366 3597 444 3660 iuter
467 3595 631 3660 liobentum
654 3595 782 3661 Aruoldl
804 3607 833 3662 et
854 3598 1023 3664 lobauuem
1041 3601 1183 3685 lligbam,
1207 3617 1287 3666 nunc
1310 3606 1499 3668 vicecomites
1516 3603 1664 3679 london,
1686 3609 1715 3664 et
1737 3597 1871 3680 prelatos
1894 3600 2076 3660 mercatores

126 3733 130 3744 ·
234 3714 272 3778 de
293 3713 397 3778 llansa
419 3731 477 3792 pro
499 3715 627 3780 diversis
649 3720 796 3779 custumis
818 3720 881 3781 sive
903 3721 1139 3799 prestationibus
1161 3723 1353 3803 subscriptis,
1377 3739 1452 3801 quas
1474 3723 1566 3786 iidem
1589 3723 1777 3786 vicecomites
1791 3717 1894 3782 multis
1908 3714 2075 3778 rationibus

233 3833 396 3898 ostendunt
417 3831 553 3914 prelatos
576 3841 760 3900 mercatores
782 3836 901 3899 solvere
922 3838 1049 3916 debere,
1080 3848 1109 3903 et
1136 3841 1215 3904 unde
1242 3831 1352 3921 prelati
1382 3850 1566 3906 mercatores
1588 3840 1728 3922 pluribus
1750 3837 1911 3902 evidenciis
1933 3851 1966 3896 se
1988 3847 2076 3895 mon-

234 3961 331 4016 strant
353 3957 512 4016 exonerari
535 3962 564 4016 et
586 3954 751 4032 acquietari
774 3955 894 4033 debere,
918 3989 959 4002 —
982 3958 1131 4048 videlicet,
1155 3958 1193 4023 ad
1216 3963 1329 4025 exitum
1351 3970 1381 4024 et
1403 3964 1558 4025 introitum
1572 3959 1731 4024 cuiuslibet
1753 3958 1827 4020 dolii
1850 3956 1911 4019 viui
1933 3952 2010 4016 duos
2023 3949 2075 4014 de-

235 4075 346 4149 narios,
368 4070 528 4136 cuiuslibet
550 4071 638 4150 cipbe
652 4071 688 4150 ³)
711 4073 783 4137 salis
797 4074 876 4137 duos
896 4075 1050 4155 denarios,
1073 4077 1234 4143 cuiuslibet
1255 4080 1332 4143 laste
1354 4078 1484 4143 allecum
1507 4088 1568 4143 tres
1590 4079 1745 4154 denarios,
1775 4074 1933 4139 cuiuslibet
1955 4072 2023 4135 bale
2037 4069 2073 4146 ⁴)

234 4189 273 4252 de
295 4191 349 4251 riis
371 4199 502 4267 quatuor
524 4190 675 4267 denarios,
699 4199 728 4254 et
750 4208 806 4272 pro
829 4195 1001 4258 carcatione
1022 4196 1184 4260 cuiuslibet
1206 4199 1276 4280 bige
1297 4207 1417 4262 carcate
1439 4215 1507 4262 curn
1531 4197 1738 4274 mercandisis,
1762 4194 1899 4260 videlicet
1920 4205 1977 4270 pro
1999 4203 2075 4267 quo-
2117 4187 2126 4200 '

232 4308 306 4372 libet
327 4309 452 4388 contigit
467 4307 503 4385 δ)
525 4309 564 4370 ad
586 4312 699 4373 exitum
721 4317 751 4372 et
772 4312 938 4390 introitum,
961 4313 1039 4379 duos
1061 4314 1176 4380 solidos
1191 4316 1226 4397 ⁶)
1250 4326 1279 4380 et
1300 4333 1357 4398 pro
1381 4319 1552 4381 carcatioue
1574 4316 1734 4382 cuiuslibet
1756 4318 1825 4394 equi
1847 4328 1916 4376 cum
1938 4323 2075 4372 merean-

232 4425 307 4490 dlsis
329 4423 490 4489 duodecim
511 4426 654 4490 denarios
662 4445 673 4504 ;
695 4461 735 4474 -
760 4444 817 4493 uos
838 4430 980 4496 antedicti
1003 4450 1082 4497 nuuc
1104 4436 1218 4513 maior,
1252 4435 1459 4515 aldermanni,
1493 4439 1683 4500 vicecomites
1711 4441 1741 4497 el
1769 4431 1985 4505 communitas,
2016 4443 2074 4506 pro

233 4545 407 4608 rationabili
429 4546 719 4625 recompensatione,
742 4562 833 4627 qnam
854 4549 947 4612 iidem
970 4559 1155 4618 mercatores
1176 4571 1233 4632 pro
1257 4556 1337 4620 bono
1359 4557 1444 4635 pacis
1467 4556 1641 4635 optulerunt
1668 4561 1697 4615 et
1723 4557 1938 4614 concesseruut
1959 4551 1989 4610 in
2015 4546 2074 4609 bae

390 4827 414 4895 ¹)
448 4829 506 4882 dus
531 4832 582 4883 den
608 4833 676 4884 oben
701 4846 733 4885 au
758 4835 807 4888 llo.
831 4835 915 4888 cxvi
939 4840 1127 4902 angeaebeneu
1150 4841 1367 4895 llandscbrllteu.
1611 4839 1636 4904 ²)
1675 4837 1752 4903 ¹2⁸‘22
1782 4839 1854 4890 ³⁰⁰¹·
1895 4838 1972 4889 ⁵¹⁸h²
1997 4838 2074 4888 ⁰b⁰¹¹·

234 4913 260 4978 ⁸)
290 4913 380 4976 cipitu-
416 4914 495 4967 Slebe
513 4917 582 4968 oben
600 4929 660 4970 tom
679 4917 758 4970 labne
777 4915 853 4972 tili.
1012 4922 1038 4987 ⁴)
1065 4925 1145 4986 licia,
1163 4925 1343 4980 bolllndlscba
1370 4927 1438 4990 bale,
1457 4923 1563 4990 ltallcn;
1587 4925 1654 4976 saci
1673 4925 1715 4976 liir
1734 4925 1830 4987 Wolle,
1849 4923 1919 4987 liele,
1938 4921 2073 4976 blandeln.

232 4998 311 5050 Slebc
330 4997 509 5052 Urlnudllebe
527 5001 685 5056 Gescblcbte
704 5005 750 5056 der
768 5005 914 5056 deutscben
933 5006 1033 5060 Hense.
1068 5009 1164 5062 Tbll.
1183 5009 1342 5076 888118.
1499 5007 1526 5076 ⁵)
1557 5011 1679 5076 Coabis.
1713 5008 2073 5063 M8011⁸l³b·¹l⁸²⁸⁸²‘⁰'¹·

232 5083 305 5146 lioba,
323 5083 365 5133 eln
384 5085 435 5133 mir
453 5085 636 5139 unbekanntes
647 5089 732 5140 Wort
767 5089 822 5140 lias
837 5090 978 5143 sobrolben
998 5093 1045 5144 der
1056 5095 1177 5146 Factorel
1195 5108 1254 5149 vom
1274 5097 1354 5148 labro
1369 5094 1435 5148 tria
1453 5095 1555 5158 sprlcbt
1572 5096 1598 5146 ln
1618 5097 1706 5148 salnes
1723 5095 1897 5147 Besebvverde
1915 5094 1982 5145 inber
1999 5093 2072 5145 dlese
2091 5081 2096 5092 '

231 5169 501 5228 angemasstenzblle
520 5183 570 5223 von
589 5170 820 5237 “tannenssnde.”
846 5175 1110 5231 Vlelleicbtlstobsn
1125 5180 1258 5233 aulesene
1277 5186 1323 5232 tun
1342 5179 1446 5243 vrelgbt,
1465 5180 1579 5233 nlmllcb
1598 5177 1771 5234 matura
1903 5179 1930 5244 ⁸)
1959 5179 2071 5230 80114101·

231 5249 292 5302 its.
309 5251 405 5304 llrmb.
441 5253 580 5310 benauos.
606 5257 688 5311 lenes
707 5259 811 5311 stimme
827 5261 876 5314 mit
893 5261 940 5314 der
959 5262 1053 5326 oblaen
1072 5264 1189 5320 zotttlste
1207 5277 1268 5318 vom
1287 5265 1365 5318 lubre
1386 5263 1458 5319 1118
