4998 6256
1005 576 1116 676 itte,
1142 575 1348 654 acchera
2038 580 2099 662 ti·

255 875 365 951 narde,
408 871 546 936 debanna
578 867 775 951 Tynkeidcu,
817 866 955 932 tebame
984 863 1168 948 ectum,
1212 867 1365 951 gremiis,
1405 865 1542 931 :lieberto
1581 865 1732 958 Hoitcnd,
1773 867 1932 943 1111111111,
1976 867 2095 932 cinibae

254 991 379 1058 tendcn
415 999 446 1054 et
473 990 555 1056 aitis.
604 987 715 1052 noun
742 985 885 1064 Lundcn,
923 993 1034 1065 cuano
1060 984 1108 1049 die
1134 987 1248 1051 mensis
1275 985 1372 1063 tnnii,
1412 1001 1491 1050 anno
1523 987 1611 1068 regni
1640 989 1721 1070 regis
1748 984 1868 1050 iieurid
1893 987 1992 1067 emoti
2026 995 2096 1067 post

255 1118 454 1191 amancium
475 1109 593 1190 eciam

255 1332 417 1428 nxvn
462 1333 685 1436 orcamp
716 1333 788 1414 co
817 1331 1073 1438 1119111111
1100 1356 1149 1412 eo
1178 1331 1339 1412 emec·
1367 1332 1463 1412 ceo
1494 1333 1558 1411 ore
1588 1329 1802 1437 1111111119
1832 1333 1906 1414 ce
1933 1273 2098 1414 ecee

439 1511 512 1567 oon
543 1484 619 1566 dere
647 1487 764 1567 dureo
794 1486 970 1566 obecitere
1001 1484 1072 1566 der
1096 1481 1261 1587 Sbetffc
1291 1484 1588 1591 oopcmotbcteo
1616 1510 1741 1565 occec
1766 1483 1911 1566 Zottco.

958 1633 1075 1741 itte,
1111 1637 1278 1718 October
1299 1639 1336 1722 2.
1357 1636 1392 1744 ¹)

411 1823 568 1888 Vntacasis
589 1831 620 1885 et
640 1821 769 1906 singuiis
792 1819 905 1886 Christ
927 1819 1066 1886 tideiibus
1087 1821 1278 1901 presencium
1300 1822 1519 1884 continenciam
1542 1823 1652 1886 visuris
1674 1823 1719 1885 sei
1746 1819 1911 1902 audituris,
1949 1821 2046 1884 maior
2067 1827 2097 1884 et

258 1942 447 2006 aldermanni
469 1942 597 2006 civitatis
618 1940 745 2005 bondcn
772 1939 903 2004 satutem
929 1947 961 2003 et
982 1939 1136 2019 utriusque
1158 1937 1289 2002 mininis
1311 1941 1498 2020 sospitatem.
1542 1938 1706 2020 Cupientes
1727 1957 1764 2003 ex
1787 1939 1879 2003 uticii
1903 1939 1991 2002 uobis
2009 1953 2096 2001 cone

259 2061 344 2126 missi
365 2061 465 2126 debite
489 2061 623 2125 vennas
646 2061 816 2124 testimonio
838 2058 1013 2136 subuenire,
1035 2066 1068 2121 ut
1090 2065 1237 2136 tenemur,
1259 2058 1330 2124 binc
1351 2066 1398 2122 est
1419 2057 1500 2136 quod
1523 2067 1657 2122 tenorem
1680 2058 1836 2122 cmnsdam
1854 2057 1972 2122 recondi
1986 2060 2095 2122 intuitn

258 2181 288 2242 in
311 2196 432 2244 camma
453 2177 605 2245 Guiiraide
626 2180 757 2243 ciuitatis
778 2177 941 2255 antedicto,
971 2177 1002 2240 in
1029 2176 1110 2242 iibro
1131 2178 1251 2260 signate
1273 2192 1342 2241 enm
1369 2177 1456 2240 iitera
1477 2177 1506 2242 i.
1529 2175 1604 2242 totio
1625 2177 1830 2240 ducentesimo
1851 2178 1946 2240 tercie
1967 2176 2095 2253 cedma,

258 2299 444 2362 minensitati
465 2279 567 2361 rcere
589 2315 626 2361 ac
646 2298 789 2361 omnibns
808 2305 840 2360 et
860 2295 999 2378 singuiis,
1021 2311 1152 2376 quemn
1174 2297 1298 2361 interest
1319 2295 1366 2360 ret
1389 2300 1534 2361 interesse
1554 2297 1680 2376 poterit,
1712 2296 1853 2359 duximus
1874 2293 2097 2373 erempiitican·

258 2415 342 2494 dnm,
365 2416 460 2479 rerba
480 2416 698 2496 mbsenuencic
720 2419 935 2482 continentem.
950 2417 987 2494 ⁹)

410 2535 497 2598 Nono
518 2535 569 2598 die
589 2535 764 2612 Februarii,
798 2551 879 2599 anno
901 2539 987 2618 regni
1017 2537 1100 2617 regis
1122 2533 1242 2598 flenrici
1273 2536 1370 2614 quinti
1397 2543 1466 2616 poet
1493 2542 1692 2614 conquestum
1720 2535 1839 2614 quinto,
1876 2539 2018 2597 renerent
2047 2531 2096 2594 iric

260 2669 365 2716 coram
386 2652 518 2716 iiicarde
541 2652 698 2730 iteriowe,
721 2656 846 2732 maiore,
869 2662 900 2717 et
920 2653 1126 2718 aidermannts
1148 2655 1279 2718 1111111111
1300 2653 1444 2732 Lendon,
1468 2652 1577 2718 concii
1597 2651 1757 2730 Giinsner,
1781 2651 1987 2716 Tidemannus
2007 2650 2097 2714 Wes-

261 2771 419 2848 tenbareb‚
434 2771 472 2850 ⁸)
504 2771 686 2836 bodowicns
709 2770 956 2857 wadingbnaen,
978 2771 1153 2836 Bertmns
1173 2769 1354 2853 cieyncrc,
1380 2781 1411 2836 et
1432 2773 1484 2835 aiii
1511 2771 1616 2852 ptores
1638 2781 1820 2836 mercatores
1842 2771 1880 2834 de
1903 2767 2003 2834 tianae
2026 2770 2097 2833 iiie

261 2892 391 2968 mannie,
415 2892 465 2970 qni
489 2891 613 2955 domum
635 2890 748 2955 babent
768 2891 800 2953 in
822 2888 960 2968 brendon,
985 2885 1197 2978 Gecybctdcm
1221 2887 1470 2956 renuntiatum
1491 2889 1658 2973 miganiae
1679 2897 1901 2968 nuncupatam,
1934 2903 1992 2970 pro
2013 2905 2046 2951 se
2067 2897 2097 2950 et

192 3049 197 3058 ·
260 3017 324 3094 tcta
346 3011 490 3076 socictate
517 3025 572 3075 sna
594 3009 634 3074 da
654 3009 751 3076 banea
773 3017 803 3074 et
822 3010 914 3073 domo
937 3009 1073 3089 predicte
1105 3025 1231 3093 grauem
1261 3008 1405 3074 iacientes
1433 3011 1653 3089 querimoniam
1682 3010 1783 3073 taiiter
1811 3011 1842 3072 in
1869 3007 1974 3072 ettcciu
2001 3009 2097 3070 conti»

260 3135 399 3190 mntem:
421 3129 504 3208 qaod
526 3145 594 3192 cum
617 3137 678 3192 arn
700 3129 916 3211 pertinerem
936 3137 1038 3193 carim
1058 3131 1288 3213 progenicomm
1309 3129 1425 3194 demini
1446 3131 1527 3212 regis
1548 3145 1628 3193 nnnc
1647 3129 1761 3192 eisdem
1784 3127 2003 3192 mercatoribus
2026 3143 2098 3190 con-

261 3259 363 3308 cessas
386 3254 416 3308 et
443 3263 499 3325 per
526 3247 655 3311 cundem
679 3263 781 3330 regem
803 3249 1013 3325 mndrmatas,
1045 3263 1138 3326 quam
1158 3264 1216 3329 per
1236 3248 1374 3312 diuersas
1394 3249 1635 3329 composiciones
1656 3255 1686 3312 et
1714 3247 1840 3312 recorda
1863 3249 1942 3311 inter
1963 3261 2100 3310 comum·

261 3364 384 3428 nitatem
406 3362 484 3428 dicia
505 3366 636 3428 ciuitatis
657 3373 687 3428 et
709 3369 793 3446 ipsos
815 3375 999 3430 mercatores
1021 3365 1117 3443 tacta,
1151 3374 1180 3429 et
1208 3367 1238 3428 in
1260 3363 1411 3430 Guibaida
1440 3367 1519 3430 dicte
1547 3367 1679 3431 ciuitatis
1708 3367 1886 3444 inrotuiaia,
1921 3381 2097 3429 concessum

260 3483 300 3544 sit
321 3490 350 3544 ei
370 3481 598 3560 concernentia,
621 3483 703 3562 quod
725 3483 816 3546 iidem
840 3493 1023 3548 mercatores
1045 3485 1076 3546 in
1097 3485 1239 3548 omnibus
1258 3493 1290 3547 et
1311 3485 1440 3567 singaffls
1464 3483 1653 3549 libertatibus
1670 3493 1699 3548 ct
1715 3486 1818 3550 tiberis
1830 3483 2098 3549 consuetudinibus

260 3601 334 3678 suis,
356 3601 466 3680 quibua
489 3603 533 3665 vsi
556 3599 677 3665 tinemut
698 3610 727 3665 et
748 3603 847 3684 ganisi
870 3619 906 3666 en
927 3603 1063 3682 antiquo,
1087 3611 1353 3668 manutenerentur
1372 3612 1403 3666 ei
1424 3609 1627 3682 sacamentur,
1651 3612 1681 3668 et
1701 3605 1783 3684 quod
1806 3595 1898 3685 snper
1918 3605 2003 3683 ipsos
2019 3618 2100 3665 mer-

260 3725 396 3796 catores,
429 3721 510 3784 bona
534 3721 580 3783 rei
603 3723 801 3786 mercimonia
824 3737 880 3784 sna
902 3728 1040 3785 mstuma
1062 3737 1142 3784 nona
1164 3722 1211 3784 rei
1233 3720 1365 3785 indebita
1387 3738 1443 3802 per
1463 3719 1619 3786 dominnm
1646 3738 1768 3806 regem,
1802 3725 1853 3802 qni
1882 3739 1939 3800 pro
1962 3729 2099 3800 tempore

259 3835 368 3916 buerit,
396 3839 540 3916 heredes,
568 3855 762 3904 successores
783 3847 836 3902 aui
859 3837 1022 3904 cruciarios
1044 3855 1117 3904 suos
1139 3855 1348 3919 quoscumque
1368 3856 1429 3904 non
1451 3849 1632 3921 poneretur,
1656 3841 1708 3906 sed
1729 3839 1811 3920 qnod
1835 3842 1892 3921 ipsi
1916 3847 2099 3904 mercatores

260 3963 322 4020 mm
344 3958 375 4020 in
396 3959 547 4036 persenis,
569 3975 662 4038 quana
683 3959 773 4022 bonis
795 3966 825 4022 et
846 3961 1053 4023 mercimoniis
1075 3961 1149 4038 suis,
1172 3959 1210 4024 (ie
1231 3961 1389 4042 pontagio,
1411 3960 1545 4042 panagio
1568 3968 1597 4024 ct
1616 3961 1757 4045 managio
1778 3969 1808 4022 ei
1828 3961 1910 4024 cinni
1932 3961 2097 4035 exactione,

260 4075 367 4153 prisia,
389 4076 436 4140 rel
459 4082 659 4155 presmcione,
683 4086 735 4141 aut
756 4076 861 4156 atiquo
882 4075 944 4140 aiio
967 4093 1060 4142 onere
1082 4093 1174 4158 snper
1194 4081 1280 4158 ipsos
1301 4086 1500 4156 mercatores,
1535 4079 1614 4142 bona
1637 4079 1682 4142 cci
1706 4081 1901 4144 mercimonia
1925 4096 1979 4142 sna
2001 4079 2100 4157 impo-

261 4190 378 4270 nendis,
403 4202 503 4258 essem
524 4197 627 4276 quieti.
671 4195 709 4258 Et
730 4197 812 4274 quod
834 4195 904 4260 ticet
925 4198 983 4277 ipsi
1006 4205 1191 4262 mercatores
1213 4197 1251 4262 de
1273 4198 1370 4261 hansa
1393 4196 1571 4261 Alemannis
1593 4206 1622 4261 et
1642 4197 1735 4262 domn
1756 4199 1891 4280 predicta
1914 4199 1944 4260 in
1968 4194 2094 4258 Lendcn

261 4312 432 4389 existentes,
457 4321 517 4376 iam
539 4314 570 4375 in
587 4315 737 4393 personia,
765 4331 858 4392 quam
873 4317 905 4378 in
929 4317 1066 4380 benicet
1088 4317 1292 4380 mercimoniis
1304 4319 1379 4390 suis,
1404 4317 1510 4380 virtute
1527 4325 1680 4380 cartarum
1703 4325 1733 4380 ei
1753 4316 2008 4396 compositionum
2030 4329 2099 4392 pre·

260 4429 422 4507 diturum
444 4431 484 4494 ab
506 4430 689 4495 omnimodis
712 4434 866 4508 custumis,
890 4435 1102 4530 exaccionibna
1124 4443 1154 4498 et
1175 4435 1334 4512 oneribus,
1367 4444 1470 4513 preter
1491 4435 1544 4498 iiia
1566 4453 1625 4514 que
1647 4436 1678 4497 in
1700 4434 1792 4498 cartis
1813 4441 1843 4496 et
1865 4433 2097 4512 composicioni-

261 4547 317 4612 bue
338 4547 484 4629 predictis
506 4549 705 4626 continentur,
728 4566 849 4631 semper
870 4551 1016 4617 hactenns
1038 4555 1131 4632 prieti
1153 4553 1265 4616 tuerint
1286 4563 1315 4618 et
1336 4555 1512 4622 exonerati:
1536 4550 1775 4616 Henricusiiede
1790 4559 1890 4614 tamen
1903 4557 1932 4611 et
1945 4549 2098 4612 iohannes

261 4665 404 4749 Gedney,
432 4683 514 4732 anne
536 4669 726 4732 vicecomites
747 4669 880 4733 ciuitatis
903 4669 1044 4748 madon,
1074 4671 1281 4735 machinantes
1304 4671 1439 4752 prefatos
1462 4681 1645 4737 mercatores
1670 4669 1836 4732 voluntarie
1858 4683 2046 4750 pregrauare
2067 4675 2097 4730 et

419 4937 442 5004 ¹)
471 4938 530 4991 Ana
548 4939 609 4992 dam
628 4939 750 4991 vidimus
769 4940 817 4992 des
835 4941 1006 5005 Magistratus
1024 4957 1056 4995 an
1074 4945 1188 4995 London
1207 4955 1267 4996 rom
1285 4943 1365 4996 dabra
1383 4941 1458 5004 1475,
1477 4941 1531 4993 Mai
1546 4939 1585 5003 it,
1604 4941 1630 4991 in
1650 4941 1709 4992 nem
1729 4941 1776 4992 ant
1791 4941 1950 5004 Pergameni
1968 4951 2018 4990 rnn
2037 4939 2097 4989 deur

262 5022 392 5074 Sacratair
409 5023 444 5072 ii.
461 5023 618 5086 iiampstort
637 5025 721 5076 achon
746 5024 952 5088 aeschriebenen
972 5025 1150 5090 Copiaibncira
1172 5029 1220 5079 das
1238 5027 1428 5080 arcamarcaa
1446 5027 1478 5077 ii.
1496 5027 1683 5088 Langermann
1703 5039 1763 5078 rom
1780 5025 1860 5076 dabre
1879 5023 1945 5077 15115
1964 5024 2018 5076 und
2038 5037 2098 5074 rer-

262 5105 364 5168 cuchen
384 5107 432 5156 mit
452 5107 499 5158 der
522 5107 683 5170 hamburgae
701 5107 926 5174 Papierabscbrttt
952 5112 1025 5163 einer
1048 5114 1147 5164 titeren
1165 5111 1372 5177 Anstartignuc,
1400 5110 1563 5174 abacorum
1585 5112 1612 5162 in
1631 5112 1691 5163 dein
1710 5111 1811 5173 nepem
1827 5109 1875 5160 der
1893 5109 1997 5162 Raccrd
2016 5108 2098 5159 Corn·

262 5189 384 5338 18311εὲ11.
402 5189 582 5326 Αρξουῗιῦ.
600 5191 702 5246 iio-³2
850 5196 876 5260 ²)
904 5195 962 5246 Ans
981 5195 1041 5248 dem
1060 5197 1160 5249 titeran
1177 5197 1244 5249 'tart
1261 5182 1308 5248 da'r
1325 5197 1480 5262 bembcrpcr
1497 5195 1679 5261 Hccdccbrtst.
1714 5193 1868 5258 augauniae
1885 5196 1920 5244 irn
1939 5191 1996 5246 dis.
2015 5193 2098 5255 terp.

344 5278 438 5326 cesten
458 5287 529 5338 erg.
564 5277 659 5328 Homo.
