<?xml version="1.0" encoding="UTF-8"?>
<!DOCTYPE html PUBLIC "-//W3C//DTD XHTML 1.0 Transitional//EN"
    "http://www.w3.org/TR/xhtml1/DTD/xhtml1-transitional.dtd">
<html xmlns="http://www.w3.org/1999/xhtml" xml:lang="en" lang="en">
 <head>
  <title>
</title>
<meta http-equiv="Content-Type" content="text/html;charset=utf-8" />
  <meta name='ocr-system' content='tesseract 3.04.00' />
  <meta name='ocr-capabilities' content='ocr_page ocr_carea ocr_par ocr_line ocrx_word'/>
</head>
<body>
  <div class='ocr_page' id='page_1' title='image "./urkundlichegesc00lappgoog_0239.png"; bbox 0 0 4914 6254; ppageno 0'>
   <div class='ocr_carea' id='block_1_1' title="bbox 389 555 1480 652">
    <p class='ocr_par' dir='ltr' id='par_1_1' title="bbox 389 555 1480 652">
     <span class='ocr_line' id='line_1_1' title="bbox 389 555 1480 652; baseline -0.013 -12"><span class='ocrx_word' id='word_1_1' title='bbox 389 560 444 640; x_wconf 76' lang='lat'>52</span> <span class='ocrx_word' id='word_1_2' title='bbox 1136 555 1246 652; x_wconf 77' lang='lat'>1423,</span> <span class='ocrx_word' id='word_1_3' title='bbox 1272 560 1395 650; x_wconf 77' lang='lat' dir='ltr'>rlugnst</span> <span class='ocrx_word' id='word_1_4' title='bbox 1420 555 1480 627; x_wconf 80' lang='lat'>12.</span> 
     </span>
    </p>
   </div>
   <div class='ocr_carea' id='block_1_2' title="bbox 385 831 2240 2462">
    <p class='ocr_par' dir='ltr' id='par_1_2' title="bbox 385 831 2240 2122">
     <span class='ocr_line' id='line_1_2' title="bbox 388 831 2223 926; baseline 0.001 -20"><span class='ocrx_word' id='word_1_5' title='bbox 388 849 590 907; x_wconf 80' lang='lat' dir='ltr'>tenementum</span> <span class='ocrx_word' id='word_1_6' title='bbox 612 858 681 906; x_wconf 92' lang='lat' dir='ltr'>curn</span> <span class='ocrx_word' id='word_1_7' title='bbox 704 842 784 924; x_wconf 83' lang='lat' dir='ltr'>layo</span> <span class='ocrx_word' id='word_1_8' title='bbox 806 831 943 923; x_wconf 80' lang='lat' dir='ltr'>predicto</span> <span class='ocrx_word' id='word_1_9' title='bbox 966 843 1056 907; x_wconf 91' lang='lat' dir='ltr'>simul</span> <span class='ocrx_word' id='word_1_10' title='bbox 1075 858 1143 907; x_wconf 92' lang='lat' dir='ltr'>cum</span> <span class='ocrx_word' id='word_1_11' title='bbox 1160 845 1301 910; x_wconf 87' lang='lat' dir='ltr'>omnihus</span> <span class='ocrx_word' id='word_1_12' title='bbox 1318 843 1592 922; x_wconf 72' lang='lat' dir='ltr'>commoditatibus,</span> <span class='ocrx_word' id='word_1_13' title='bbox 1616 845 1803 911; x_wconf 82' lang='lat' dir='ltr'>aisiamentis</span> <span class='ocrx_word' id='word_1_14' title='bbox 1818 854 1848 910; x_wconf 91' lang='lat' dir='ltr'>et</span> <span class='ocrx_word' id='word_1_15' title='bbox 1866 845 2053 926; x_wconf 87' lang='lat' dir='ltr'>pertinentiis</span> <span class='ocrx_word' id='word_1_16' title='bbox 2070 843 2223 925; x_wconf 82' lang='lat' dir='ltr'>predictis,</span> 
     </span>
     <span class='ocr_line' id='line_1_3' title="bbox 387 958 2227 1046; baseline 0.002 -25"><span class='ocrx_word' id='word_1_17' title='bbox 387 958 512 1040; x_wconf 79' lang='lat' dir='ltr'>prelatis</span> <span class='ocrx_word' id='word_1_18' title='bbox 534 959 691 1024; x_wconf 90' lang='lat' dir='ltr'>Willelmo</span> <span class='ocrx_word' id='word_1_19' title='bbox 713 958 833 1041; x_wconf 79' lang='lat' dir='ltr'>lleyton</span> <span class='ocrx_word' id='word_1_20' title='bbox 856 969 884 1023; x_wconf 90' lang='lat' dir='ltr'>et</span> <span class='ocrx_word' id='word_1_21' title='bbox 905 960 1043 1042; x_wconf 87' lang='lat' dir='ltr'>lingere,</span> <span class='ocrx_word' id='word_1_22' title='bbox 1072 960 1233 1026; x_wconf 82' lang='lat' dir='ltr'>heredibus</span> <span class='ocrx_word' id='word_1_23' title='bbox 1255 969 1285 1025; x_wconf 92' lang='lat' dir='ltr'>et</span> <span class='ocrx_word' id='word_1_24' title='bbox 1306 963 1469 1046; x_wconf 86' lang='lat' dir='ltr'>assignetis</span> <span class='ocrx_word' id='word_1_25' title='bbox 1491 978 1596 1026; x_wconf 87' lang='lat' dir='ltr'>eornm</span> <span class='ocrx_word' id='word_1_26' title='bbox 1618 964 1842 1044; x_wconf 77' lang='lat' dir='ltr'>imperpetuum</span> <span class='ocrx_word' id='word_1_27' title='bbox 1869 963 2030 1028; x_wconf 89' lang='lat' dir='ltr'>tenendum</span> <span class='ocrx_word' id='word_1_28' title='bbox 2052 963 2090 1027; x_wconf 91' lang='lat' dir='ltr'>dc</span> <span class='ocrx_word' id='word_1_29' title='bbox 2112 964 2227 1043; x_wconf 88' lang='lat' dir='ltr'>capita·</span> 
     </span>
     <span class='ocr_line' id='line_1_4' title="bbox 390 1043 2226 1163; baseline 0.002 -23"><span class='ocrx_word' id='word_1_30' title='bbox 390 1079 470 1141; x_wconf 88' lang='lat' dir='ltr'>libus</span> <span class='ocrx_word' id='word_1_31' title='bbox 492 1078 623 1142; x_wconf 89' lang='lat' dir='ltr'>dominis</span> <span class='ocrx_word' id='word_1_32' title='bbox 638 1078 719 1142; x_wconf 86' lang='lat' dir='ltr'>leodi</span> <span class='ocrx_word' id='word_1_33' title='bbox 737 1043 820 1143; x_wconf 67' lang='lat' dir='ltr'>illius</span> <span class='ocrx_word' id='word_1_34' title='bbox 837 1094 894 1159; x_wconf 90' lang='lat' dir='ltr'>per</span> <span class='ocrx_word' id='word_1_35' title='bbox 910 1079 1037 1143; x_wconf 91' lang='lat' dir='ltr'>seruicia</span> <span class='ocrx_word' id='word_1_36' title='bbox 1060 1078 1130 1144; x_wconf 88' lang='lat' dir='ltr'>inde</span> <span class='ocrx_word' id='word_1_37' title='bbox 1151 1078 1251 1144; x_wconf 88' lang='lat' dir='ltr'>debita</span> <span class='ocrx_word' id='word_1_38' title='bbox 1270 1089 1300 1144; x_wconf 93' lang='lat' dir='ltr'>et</span> <span class='ocrx_word' id='word_1_39' title='bbox 1320 1081 1358 1145; x_wconf 92' lang='lat' dir='ltr'>de</span> <span class='ocrx_word' id='word_1_40' title='bbox 1378 1081 1444 1144; x_wconf 90' lang='lat' dir='ltr'>iure</span> <span class='ocrx_word' id='word_1_41' title='bbox 1467 1089 1620 1145; x_wconf 87' lang='lat' dir='ltr'>consuete.</span> <span class='ocrx_word' id='word_1_42' title='bbox 1654 1081 1692 1144; x_wconf 87' lang='lat' dir='ltr'>Et</span> <span class='ocrx_word' id='word_1_43' title='bbox 1712 1097 1769 1163; x_wconf 88' lang='lat' dir='ltr'>ego</span> <span class='ocrx_word' id='word_1_44' title='bbox 1791 1098 1873 1158; x_wconf 79' lang='lat' dir='ltr'>vero,</span> <span class='ocrx_word' id='word_1_45' title='bbox 1896 1081 2050 1160; x_wconf 88' lang='lat' dir='ltr'>predictus</span> <span class='ocrx_word' id='word_1_46' title='bbox 2066 1078 2226 1157; x_wconf 86' lang='lat' dir='ltr'>Ricardus,</span> 
     </span>
     <span class='ocr_line' id='line_1_5' title="bbox 387 1196 2226 1281; baseline -0.001 -19"><span class='ocrx_word' id='word_1_47' title='bbox 387 1204 416 1262; x_wconf 89' lang='lat' dir='ltr'>et</span> <span class='ocrx_word' id='word_1_48' title='bbox 436 1196 564 1263; x_wconf 88' lang='lat' dir='ltr'>heredes</span> <span class='ocrx_word' id='word_1_49' title='bbox 586 1199 646 1262; x_wconf 88' lang='lat' dir='ltr'>mei</span> <span class='ocrx_word' id='word_1_50' title='bbox 667 1199 838 1276; x_wconf 87' lang='lat' dir='ltr'>predictum</span> <span class='ocrx_word' id='word_1_51' title='bbox 861 1205 1061 1262; x_wconf 84' lang='lat' dir='ltr'>tenementum</span> <span class='ocrx_word' id='word_1_52' title='bbox 1083 1215 1153 1262; x_wconf 87' lang='lat' dir='ltr'>oum</span> <span class='ocrx_word' id='word_1_53' title='bbox 1177 1199 1257 1280; x_wconf 83' lang='lat' dir='ltr'>hoyo</span> <span class='ocrx_word' id='word_1_54' title='bbox 1286 1198 1422 1281; x_wconf 87' lang='lat' dir='ltr'>predicto</span> <span class='ocrx_word' id='word_1_55' title='bbox 1451 1199 1542 1264; x_wconf 91' lang='lat' dir='ltr'>simul</span> <span class='ocrx_word' id='word_1_56' title='bbox 1570 1216 1638 1264; x_wconf 90' lang='lat' dir='ltr'>cum</span> <span class='ocrx_word' id='word_1_57' title='bbox 1660 1199 1800 1263; x_wconf 86' lang='lat' dir='ltr'>omnibus</span> <span class='ocrx_word' id='word_1_58' title='bbox 1821 1198 2101 1276; x_wconf 88' lang='lat' dir='ltr'>commoditatibus,</span> <span class='ocrx_word' id='word_1_59' title='bbox 2136 1199 2226 1262; x_wconf 87' lang='lat' dir='ltr'>aisio-</span> 
     </span>
     <span class='ocr_line' id='line_1_6' title="bbox 388 1314 2225 1401; baseline 0.001 -23"><span class='ocrx_word' id='word_1_60' title='bbox 388 1317 495 1380; x_wconf 89' lang='lat' dir='ltr'>mentis</span> <span class='ocrx_word' id='word_1_61' title='bbox 514 1325 543 1380; x_wconf 91' lang='lat' dir='ltr'>et</span> <span class='ocrx_word' id='word_1_62' title='bbox 560 1318 749 1397; x_wconf 89' lang='lat' dir='ltr'>pertiuentiis</span> <span class='ocrx_word' id='word_1_63' title='bbox 767 1315 919 1397; x_wconf 81' lang='lat' dir='ltr'>predictis,</span> <span class='ocrx_word' id='word_1_64' title='bbox 935 1314 1061 1394; x_wconf 81' lang='lat' dir='ltr'>prelatis</span> <span class='ocrx_word' id='word_1_65' title='bbox 1080 1315 1237 1380; x_wconf 90' lang='lat' dir='ltr'>Willelmo</span> <span class='ocrx_word' id='word_1_66' title='bbox 1248 1316 1368 1398; x_wconf 79' lang='lat' dir='ltr'>llayten</span> <span class='ocrx_word' id='word_1_67' title='bbox 1385 1327 1415 1380; x_wconf 90' lang='lat' dir='ltr'>et</span> <span class='ocrx_word' id='word_1_68' title='bbox 1425 1317 1557 1401; x_wconf 80' lang='lat' dir='ltr'>hogero,</span> <span class='ocrx_word' id='word_1_69' title='bbox 1576 1317 1738 1383; x_wconf 84' lang='lat' dir='ltr'>heredibus</span> <span class='ocrx_word' id='word_1_70' title='bbox 1755 1325 1786 1380; x_wconf 88' lang='lat' dir='ltr'>et</span> <span class='ocrx_word' id='word_1_71' title='bbox 1802 1317 1965 1398; x_wconf 87' lang='lat' dir='ltr'>assignetis</span> <span class='ocrx_word' id='word_1_72' title='bbox 1981 1331 2098 1394; x_wconf 90' lang='lat' dir='ltr'>eornm,</span> <span class='ocrx_word' id='word_1_73' title='bbox 2121 1324 2225 1380; x_wconf 91' lang='lat' dir='ltr'>contre</span> 
     </span>
     <span class='ocr_line' id='line_1_7' title="bbox 386 1407 2224 1517; baseline 0.001 -20"><span class='ocrx_word' id='word_1_74' title='bbox 386 1451 492 1498; x_wconf 91' lang='lat' dir='ltr'>omnes</span> <span class='ocrx_word' id='word_1_75' title='bbox 514 1443 618 1517; x_wconf 81' lang='lat' dir='ltr'>gentes</span> <span class='ocrx_word' id='word_1_76' title='bbox 640 1443 777 1500; x_wconf 89' lang='lat' dir='ltr'>tenemur</span> <span class='ocrx_word' id='word_1_77' title='bbox 800 1437 1017 1513; x_wconf 87' lang='lat' dir='ltr'>warantizare,</span> <span class='ocrx_word' id='word_1_78' title='bbox 1049 1437 1223 1514; x_wconf 80' lang='lat' dir='ltr'>acquietare</span> <span class='ocrx_word' id='word_1_79' title='bbox 1251 1445 1280 1498; x_wconf 93' lang='lat' dir='ltr'>et</span> <span class='ocrx_word' id='word_1_80' title='bbox 1301 1434 1462 1499; x_wconf 81' lang='lat' dir='ltr'>defendere</span> <span class='ocrx_word' id='word_1_81' title='bbox 1490 1438 1522 1498; x_wconf 93' lang='lat' dir='ltr'>in</span> <span class='ocrx_word' id='word_1_82' title='bbox 1544 1443 1737 1515; x_wconf 90' lang='lat' dir='ltr'>perpetuum.</span> <span class='ocrx_word' id='word_1_83' title='bbox 1773 1407 1814 1499; x_wconf 34' lang='lat' dir='ltr'>&#39;ln</span> <span class='ocrx_word' id='word_1_84' title='bbox 1836 1436 1923 1499; x_wconf 86' lang='lat' dir='ltr'>ouius</span> <span class='ocrx_word' id='word_1_85' title='bbox 1953 1436 1997 1498; x_wconf 92' lang='lat' dir='ltr'>rei</span> <span class='ocrx_word' id='word_1_86' title='bbox 2019 1435 2224 1498; x_wconf 89' lang='lat' dir='ltr'>testimouium</span> 
     </span>
     <span class='ocr_line' id='line_1_8' title="bbox 387 1531 2224 1638; baseline 0 -21"><span class='ocrx_word' id='word_1_87' title='bbox 387 1555 579 1633; x_wconf 86' lang='lat' dir='ltr'>presentibus</span> <span class='ocrx_word' id='word_1_88' title='bbox 601 1555 735 1638; x_wconf 88' lang='lat' dir='ltr'>sigilium</span> <span class='ocrx_word' id='word_1_89' title='bbox 758 1572 858 1618; x_wconf 89' lang='lat' dir='ltr'>meum</span> <span class='ocrx_word' id='word_1_90' title='bbox 871 1555 1022 1636; x_wconf 84' lang='lat' dir='ltr'>apposui.</span> <span class='ocrx_word' id='word_1_91' title='bbox 1066 1553 1129 1618; x_wconf 90' lang='lat' dir='ltr'>iliis</span> <span class='ocrx_word' id='word_1_92' title='bbox 1149 1556 1290 1618; x_wconf 88' lang='lat' dir='ltr'>testibus:</span> <span class='ocrx_word' id='word_1_93' title='bbox 1313 1531 1469 1619; x_wconf 81' lang='lat' dir='ltr'>Wiliel&#39;r&#39;uo</span> <span class='ocrx_word' id='word_1_94' title='bbox 1488 1553 1682 1638; x_wconf 86' lang='lat' dir='ltr'>Cambrigge,</span> <span class='ocrx_word' id='word_1_95' title='bbox 1705 1563 1776 1617; x_wconf 89' lang='lat' dir='ltr'>tunc</span> <span class='ocrx_word' id='word_1_96' title='bbox 1797 1555 1914 1617; x_wconf 87' lang='lat' dir='ltr'>meiere</span> <span class='ocrx_word' id='word_1_97' title='bbox 1930 1553 2060 1617; x_wconf 87' lang='lat' dir='ltr'>ciuitatis</span> <span class='ocrx_word' id='word_1_98' title='bbox 2076 1552 2224 1632; x_wconf 73' lang='lat' dir='ltr'>london,</span> 
     </span>
     <span class='ocr_line' id='line_1_9' title="bbox 386 1669 2225 1752; baseline 0.001 -18"><span class='ocrx_word' id='word_1_99' title='bbox 386 1671 524 1739; x_wconf 84' lang='lat' dir='ltr'>lohauue</span> <span class='ocrx_word' id='word_1_100' title='bbox 546 1669 666 1736; x_wconf 86' lang='lat' dir='ltr'>Botcler</span> <span class='ocrx_word' id='word_1_101' title='bbox 686 1682 716 1736; x_wconf 90' lang='lat' dir='ltr'>et</span> <span class='ocrx_word' id='word_1_102' title='bbox 736 1672 872 1736; x_wconf 86' lang='lat' dir='ltr'>lohenue</span> <span class='ocrx_word' id='word_1_103' title='bbox 893 1673 1023 1751; x_wconf 90' lang='lat' dir='ltr'>Welles,</span> <span class='ocrx_word' id='word_1_104' title='bbox 1052 1683 1122 1752; x_wconf 80' lang='lat' dir='ltr'>tune</span> <span class='ocrx_word' id='word_1_105' title='bbox 1144 1673 1368 1737; x_wconf 79' lang='lat' dir='ltr'>vicecomitibus</span> <span class='ocrx_word' id='word_1_106' title='bbox 1390 1672 1524 1739; x_wconf 88' lang='lat' dir='ltr'>eiusdem</span> <span class='ocrx_word' id='word_1_107' title='bbox 1547 1673 1693 1752; x_wconf 86' lang='lat' dir='ltr'>ciuitatis,</span> <span class='ocrx_word' id='word_1_108' title='bbox 1715 1672 1863 1737; x_wconf 89' lang='lat' dir='ltr'>Nicbolao</span> <span class='ocrx_word' id='word_1_109' title='bbox 1887 1670 2027 1750; x_wconf 89' lang='lat' dir='ltr'>Wottou,</span> <span class='ocrx_word' id='word_1_110' title='bbox 2050 1680 2121 1736; x_wconf 90' lang='lat' dir='ltr'>tune</span> <span class='ocrx_word' id='word_1_111' title='bbox 2142 1671 2225 1736; x_wconf 87' lang='lat' dir='ltr'>illius</span> 
     </span>
     <span class='ocr_line' id='line_1_10' title="bbox 387 1789 2225 1875; baseline 0 -21"><span class='ocrx_word' id='word_1_112' title='bbox 387 1791 493 1854; x_wconf 86' lang='lat' dir='ltr'>warde</span> <span class='ocrx_word' id='word_1_113' title='bbox 514 1791 727 1870; x_wconf 90' lang='lat' dir='ltr'>aldremenuo,</span> <span class='ocrx_word' id='word_1_114' title='bbox 760 1792 890 1856; x_wconf 86' lang='lat' dir='ltr'>Henrieo</span> <span class='ocrx_word' id='word_1_115' title='bbox 911 1791 1024 1857; x_wconf 82' lang='lat' dir='ltr'>lierton</span> <span class='ocrx_word' id='word_1_116' title='bbox 1050 1801 1080 1856; x_wconf 90' lang='lat' dir='ltr'>et</span> <span class='ocrx_word' id='word_1_117' title='bbox 1101 1790 1233 1856; x_wconf 88' lang='lat' dir='ltr'>lloherto</span> <span class='ocrx_word' id='word_1_118' title='bbox 1255 1791 1489 1875; x_wconf 81' lang='lat' dir='ltr'>Whityngham,</span> <span class='ocrx_word' id='word_1_119' title='bbox 1522 1791 1729 1856; x_wconf 85' lang='lat' dir='ltr'>aldremenois</span> <span class='ocrx_word' id='word_1_120' title='bbox 1750 1789 1885 1856; x_wconf 87' lang='lat' dir='ltr'>eiusdem</span> <span class='ocrx_word' id='word_1_121' title='bbox 1907 1793 2055 1868; x_wconf 82' lang='lat' dir='ltr'>ciuitatis,</span> <span class='ocrx_word' id='word_1_122' title='bbox 2088 1789 2225 1854; x_wconf 89' lang='lat' dir='ltr'>lohanne</span> 
     </span>
     <span class='ocr_line' id='line_1_11' title="bbox 385 1907 2224 2002; baseline 0.001 -31"><span class='ocrx_word' id='word_1_123' title='bbox 385 1907 524 1990; x_wconf 83' lang='lat' dir='ltr'>Bryhlis,</span> <span class='ocrx_word' id='word_1_124' title='bbox 555 1908 693 1973; x_wconf 74' lang='lat' dir='ltr'>iohanne</span> <span class='ocrx_word' id='word_1_125' title='bbox 719 1909 917 1990; x_wconf 84' lang='lat' dir='ltr'>Bytterdene,</span> <span class='ocrx_word' id='word_1_126' title='bbox 950 1912 1122 1990; x_wconf 77' lang='lat' dir='ltr'>pruneriis,</span> <span class='ocrx_word' id='word_1_127' title='bbox 1149 1910 1286 1974; x_wconf 86' lang='lat' dir='ltr'>lohenne</span> <span class='ocrx_word' id='word_1_128' title='bbox 1312 1909 1500 1992; x_wconf 80' lang='lat' dir='ltr'>Tyulrilden,</span> <span class='ocrx_word' id='word_1_129' title='bbox 1534 1911 1673 2002; x_wconf 72' lang='lat' dir='ltr'>lohgune</span> <span class='ocrx_word' id='word_1_130' title='bbox 1701 1907 1867 1990; x_wconf 80' lang='lat' dir='ltr'>Gydeuey,</span> <span class='ocrx_word' id='word_1_131' title='bbox 1900 1913 2053 1993; x_wconf 65' lang='lat' dir='ltr'>moneris,</span> <span class='ocrx_word' id='word_1_132' title='bbox 2088 1919 2118 1975; x_wconf 90' lang='lat' dir='ltr'>et</span> <span class='ocrx_word' id='word_1_133' title='bbox 2143 1908 2224 1974; x_wconf 86' lang='lat' dir='ltr'>eliis.</span> 
     </span>
     <span class='ocr_line' id='line_1_12' title="bbox 386 2026 2240 2122; baseline 0.002 -33"><span class='ocrx_word' id='word_1_134' title='bbox 386 2026 495 2092; x_wconf 87' lang='lat' dir='ltr'>hatum</span> <span class='ocrx_word' id='word_1_135' title='bbox 518 2027 655 2110; x_wconf 74' lang='lat' dir='ltr'>london,</span> <span class='ocrx_word' id='word_1_136' title='bbox 678 2030 783 2108; x_wconf 90' lang='lat' dir='ltr'>quinto</span> <span class='ocrx_word' id='word_1_137' title='bbox 806 2029 855 2094; x_wconf 93' lang='lat' dir='ltr'>die</span> <span class='ocrx_word' id='word_1_138' title='bbox 876 2029 1015 2112; x_wconf 74' lang='lat' dir='ltr'>Augusti,</span> <span class='ocrx_word' id='word_1_139' title='bbox 1038 2047 1119 2094; x_wconf 92' lang='lat' dir='ltr'>anno</span> <span class='ocrx_word' id='word_1_140' title='bbox 1140 2031 1226 2112; x_wconf 83' lang='lat' dir='ltr'>regni</span> <span class='ocrx_word' id='word_1_141' title='bbox 1248 2028 1339 2112; x_wconf 85' lang='lat' dir='ltr'>liegis</span> <span class='ocrx_word' id='word_1_142' title='bbox 1361 2029 1482 2093; x_wconf 90' lang='lat' dir='ltr'>llenrici</span> <span class='ocrx_word' id='word_1_143' title='bbox 1504 2031 1601 2108; x_wconf 91' lang='lat' dir='ltr'>quinti</span> <span class='ocrx_word' id='word_1_144' title='bbox 1621 2037 1692 2108; x_wconf 90' lang='lat' dir='ltr'>post</span> <span class='ocrx_word' id='word_1_145' title='bbox 1713 2037 1910 2108; x_wconf 90' lang='lat' dir='ltr'>conquestum</span> <span class='ocrx_word' id='word_1_146' title='bbox 1932 2043 2025 2094; x_wconf 91' lang='lat' dir='ltr'>nouo.</span> <span class='ocrx_word' id='word_1_147' title='bbox 2235 2111 2240 2122; x_wconf 31' lang='lat'>¹</span> 
     </span>
    </p>

    <p class='ocr_par' dir='ltr' id='par_1_3' title="bbox 386 2144 2222 2348">
     <span class='ocr_line' id='line_1_13' title="bbox 540 2144 2222 2230; baseline -0.001 -17"><span class='ocrx_word' id='word_1_148' title='bbox 540 2144 583 2213; x_wconf 80' lang='lat' dir='ltr'>ln</span> <span class='ocrx_word' id='word_1_149' title='bbox 606 2146 727 2216; x_wconf 80' lang='lat' dir='ltr'>dorso:</span> <span class='ocrx_word' id='word_1_150' title='bbox 766 2147 827 2214; x_wconf 87' lang='lat' dir='ltr'>lste</span> <span class='ocrx_word' id='word_1_151' title='bbox 849 2157 934 2212; x_wconf 87' lang='lat' dir='ltr'>carta</span> <span class='ocrx_word' id='word_1_152' title='bbox 957 2149 1034 2212; x_wconf 88' lang='lat' dir='ltr'>lecta</span> <span class='ocrx_word' id='word_1_153' title='bbox 1056 2148 1113 2212; x_wconf 88' lang='lat' dir='ltr'>ihit</span> <span class='ocrx_word' id='word_1_154' title='bbox 1134 2156 1164 2211; x_wconf 90' lang='lat' dir='ltr'>ct</span> <span class='ocrx_word' id='word_1_155' title='bbox 1184 2147 1344 2212; x_wconf 79' lang='lat' dir='ltr'>irrotulata</span> <span class='ocrx_word' id='word_1_156' title='bbox 1366 2151 1397 2210; x_wconf 94' lang='lat' dir='ltr'>in</span> <span class='ocrx_word' id='word_1_157' title='bbox 1419 2147 1569 2230; x_wconf 85' lang='lat' dir='ltr'>hustengo</span> <span class='ocrx_word' id='word_1_158' title='bbox 1589 2146 1745 2212; x_wconf 81' lang='lat' dir='ltr'>londonie</span> <span class='ocrx_word' id='word_1_159' title='bbox 1767 2147 1804 2212; x_wconf 92' lang='lat' dir='ltr'>de</span> <span class='ocrx_word' id='word_1_160' title='bbox 1826 2147 1947 2228; x_wconf 86' lang='lat' dir='ltr'>pleeitis</span> <span class='ocrx_word' id='word_1_161' title='bbox 1969 2154 2048 2212; x_wconf 90' lang='lat' dir='ltr'>terre</span> <span class='ocrx_word' id='word_1_162' title='bbox 2070 2155 2152 2212; x_wconf 91' lang='lat' dir='ltr'>tento</span> <span class='ocrx_word' id='word_1_163' title='bbox 2173 2148 2222 2211; x_wconf 87' lang='lat' dir='ltr'>die</span> 
     </span>
     <span class='ocr_line' id='line_1_14' title="bbox 386 2263 2222 2348; baseline 0.001 -21"><span class='ocrx_word' id='word_1_164' title='bbox 386 2263 468 2330; x_wconf 85' lang='lat' dir='ltr'>hone</span> <span class='ocrx_word' id='word_1_165' title='bbox 489 2268 630 2347; x_wconf 85' lang='lat' dir='ltr'>proxime</span> <span class='ocrx_word' id='word_1_166' title='bbox 652 2275 723 2345; x_wconf 88' lang='lat' dir='ltr'>post</span> <span class='ocrx_word' id='word_1_167' title='bbox 738 2265 847 2332; x_wconf 80' lang='lat' dir='ltr'>testum</span> <span class='ocrx_word' id='word_1_168' title='bbox 864 2265 1010 2332; x_wconf 90' lang='lat' dir='ltr'>Omnium</span> <span class='ocrx_word' id='word_1_169' title='bbox 1029 2265 1221 2343; x_wconf 79' lang='lat' dir='ltr'>Sanctorum,</span> <span class='ocrx_word' id='word_1_170' title='bbox 1245 2282 1324 2330; x_wconf 93' lang='lat' dir='ltr'>enno</span> <span class='ocrx_word' id='word_1_171' title='bbox 1347 2267 1432 2348; x_wconf 81' lang='lat' dir='ltr'>regni</span> <span class='ocrx_word' id='word_1_172' title='bbox 1451 2265 1541 2348; x_wconf 83' lang='lat' dir='ltr'>Regis</span> <span class='ocrx_word' id='word_1_173' title='bbox 1562 2263 1681 2330; x_wconf 88' lang='lat' dir='ltr'>llcnrici</span> <span class='ocrx_word' id='word_1_174' title='bbox 1702 2267 1799 2346; x_wconf 90' lang='lat' dir='ltr'>quinti</span> <span class='ocrx_word' id='word_1_175' title='bbox 1821 2275 1891 2347; x_wconf 88' lang='lat' dir='ltr'>post</span> <span class='ocrx_word' id='word_1_176' title='bbox 1912 2274 2109 2346; x_wconf 87' lang='lat' dir='ltr'>conquestum</span> <span class='ocrx_word' id='word_1_177' title='bbox 2131 2281 2222 2328; x_wconf 91' lang='lat' dir='ltr'>nouo.</span> 
     </span>
    </p>

    <p class='ocr_par' dir='ltr' id='par_1_4' title="bbox 1842 2383 2019 2462">
     <span class='ocr_line' id='line_1_15' title="bbox 1842 2383 2019 2462; baseline 0 -14"><span class='ocrx_word' id='word_1_178' title='bbox 1842 2383 2019 2462; x_wconf 82' lang='lat' dir='ltr'>Carpenter.</span> 
     </span>
    </p>
   </div>
   <div class='ocr_carea' id='block_1_3' title="bbox 382 2607 2224 3024">
    <p class='ocr_par' dir='ltr' id='par_1_5' title="bbox 382 2607 2224 3024">
     <span class='ocr_line' id='line_1_16' title="bbox 382 2607 2224 2718; baseline 0.001 -28"><span class='ocrx_word' id='word_1_179' title='bbox 382 2607 547 2691; x_wconf 78' lang='lat' dir='ltr'>LXXI.</span> <span class='ocrx_word' id='word_1_180' title='bbox 601 2608 659 2692; x_wconf 77' lang='lat' dir='ltr'>rt·</span> <span class='ocrx_word' id='word_1_181' title='bbox 687 2612 862 2718; x_wconf 79' lang='lat' dir='ltr'>lhcpford</span> <span class='ocrx_word' id='word_1_182' title='bbox 891 2611 1054 2716; x_wconf 79' lang='lat' dir='ltr'>hefreiet</span> <span class='ocrx_word' id='word_1_183' title='bbox 1084 2612 1431 2695; x_wconf 81' lang='lat' dir='ltr'>cleu&#39;Gct‘stliclren</span> <span class='ocrx_word' id='word_1_184' title='bbox 1467 2612 1523 2691; x_wconf 91' lang='lat' dir='ltr'>W.</span> <span class='ocrx_word' id='word_1_185' title='bbox 1546 2611 1701 2714; x_wconf 77' lang='lat' dir='ltr'>Hoptoo</span> <span class='ocrx_word' id='word_1_186' title='bbox 1730 2635 1803 2691; x_wconf 82' lang='lat' dir='ltr'>nore</span> <span class='ocrx_word' id='word_1_187' title='bbox 1834 2610 1940 2690; x_wconf 83' lang='lat' dir='ltr'>olleo</span> <span class='ocrx_word' id='word_1_188' title='bbox 1969 2609 2224 2713; x_wconf 79' lang='lat' dir='ltr'>Aneprdolton</span> 
     </span>
     <span class='ocr_line' id='line_1_17' title="bbox 386 2761 2221 2872; baseline -0.002 -28"><span class='ocrx_word' id='word_1_189' title='bbox 386 2787 437 2844; x_wconf 83' lang='lat' dir='ltr'>ore</span> <span class='ocrx_word' id='word_1_190' title='bbox 469 2765 545 2844; x_wconf 82' lang='lat' dir='ltr'>doe</span> <span class='ocrx_word' id='word_1_191' title='bbox 572 2791 646 2846; x_wconf 82' lang='lat' dir='ltr'>oon</span> <span class='ocrx_word' id='word_1_192' title='bbox 670 2766 715 2844; x_wconf 83' lang='lat' dir='ltr'>lt.</span> <span class='ocrx_word' id='word_1_193' title='bbox 741 2766 946 2847; x_wconf 78' lang='lat' dir='ltr'>Boltclond</span> <span class='ocrx_word' id='word_1_194' title='bbox 974 2767 1053 2847; x_wconf 83' lang='lat' dir='ltr'>ihm</span> <span class='ocrx_word' id='word_1_195' title='bbox 1080 2766 1274 2872; x_wconf 80' lang='lat' dir='ltr'>pepebeoc</span> <span class='ocrx_word' id='word_1_196' title='bbox 1298 2766 1547 2845; x_wconf 60' lang='lat' dir='ltr'>&amp;nomionis</span> <span class='ocrx_word' id='word_1_197' title='bbox 1577 2765 1658 2844; x_wconf 84' lang='lat' dir='ltr'>uod</span> <span class='ocrx_word' id='word_1_198' title='bbox 1678 2763 1762 2866; x_wconf 81' lang='lat' dir='ltr'>llop</span> <span class='ocrx_word' id='word_1_199' title='bbox 1790 2769 1831 2842; x_wconf 81' lang='lat' dir='ltr'>in</span> <span class='ocrx_word' id='word_1_200' title='bbox 1860 2761 2077 2864; x_wconf 76' lang='lat' dir='ltr'>Wyodcpoe</span> <span class='ocrx_word' id='word_1_201' title='bbox 2102 2761 2221 2841; x_wconf 81' lang='lat' dir='ltr'>horre.</span> 
     </span>
     <span class='ocr_line' id='line_1_18' title="bbox 1107 2917 1501 3024; baseline -0.005 -26"><span class='ocrx_word' id='word_1_202' title='bbox 1107 2918 1226 3021; x_wconf 74' lang='lat'>1423,</span> <span class='ocrx_word' id='word_1_203' title='bbox 1257 2918 1410 3024; x_wconf 73' lang='lat' dir='ltr'>Aegaei</span> <span class='ocrx_word' id='word_1_204' title='bbox 1439 2917 1501 2997; x_wconf 89' lang='lat'>12.</span> 
     </span>
    </p>
   </div>
   <div class='ocr_carea' id='block_1_4' title="bbox 342 3095 2221 5076">
    <p class='ocr_par' dir='ltr' id='par_1_6' title="bbox 342 3095 2221 5076">
     <span class='ocr_line' id='line_1_19' title="bbox 536 3095 2221 3180; baseline -0.004 -16"><span class='ocrx_word' id='word_1_205' title='bbox 536 3101 686 3166; x_wconf 89' lang='lat' dir='ltr'>Omnibus</span> <span class='ocrx_word' id='word_1_206' title='bbox 708 3100 821 3166; x_wconf 83' lang='lat' dir='ltr'>Christi</span> <span class='ocrx_word' id='word_1_207' title='bbox 850 3100 1005 3176; x_wconf 72' lang='lat' dir='ltr'>fidelibus,</span> <span class='ocrx_word' id='word_1_208' title='bbox 1039 3099 1077 3164; x_wconf 90' lang='lat' dir='ltr'>ad</span> <span class='ocrx_word' id='word_1_209' title='bbox 1105 3116 1182 3180; x_wconf 90' lang='lat' dir='ltr'>quos</span> <span class='ocrx_word' id='word_1_210' title='bbox 1209 3117 1335 3180; x_wconf 85' lang='lat' dir='ltr'>presens</span> <span class='ocrx_word' id='word_1_211' title='bbox 1364 3101 1511 3180; x_wconf 87' lang='lat' dir='ltr'>scriptum</span> <span class='ocrx_word' id='word_1_212' title='bbox 1533 3099 1720 3180; x_wconf 90' lang='lat' dir='ltr'>peruenerit,</span> <span class='ocrx_word' id='word_1_213' title='bbox 1753 3097 1892 3179; x_wconf 85' lang='lat' dir='ltr'>itogeros</span> <span class='ocrx_word' id='word_1_214' title='bbox 1918 3095 2066 3177; x_wconf 82' lang='lat' dir='ltr'>Twyiord</span> <span class='ocrx_word' id='word_1_215' title='bbox 2093 3095 2221 3160; x_wconf 89' lang='lat' dir='ltr'>salutem</span> 
     </span>
     <span class='ocr_line' id='line_1_20' title="bbox 382 3211 2221 3300; baseline -0.004 -16"><span class='ocrx_word' id='word_1_216' title='bbox 382 3222 413 3284; x_wconf 91' lang='lat' dir='ltr'>in</span> <span class='ocrx_word' id='word_1_217' title='bbox 429 3220 561 3284; x_wconf 87' lang='lat' dir='ltr'>Domino</span> <span class='ocrx_word' id='word_1_218' title='bbox 583 3221 811 3300; x_wconf 89' lang='lat' dir='ltr'>sempitemem.</span> <span class='ocrx_word' id='word_1_219' title='bbox 855 3217 1007 3282; x_wconf 87' lang='lat' dir='ltr'>Noueritis</span> <span class='ocrx_word' id='word_1_220' title='bbox 1029 3233 1087 3293; x_wconf 92' lang='lat' dir='ltr'>me,</span> <span class='ocrx_word' id='word_1_221' title='bbox 1110 3216 1261 3297; x_wconf 84' lang='lat' dir='ltr'>prelatum</span> <span class='ocrx_word' id='word_1_222' title='bbox 1279 3217 1443 3299; x_wconf 78' lang='lat' dir='ltr'>hogerum,</span> <span class='ocrx_word' id='word_1_223' title='bbox 1467 3217 1629 3292; x_wconf 86' lang='lat' dir='ltr'>remisisse,</span> <span class='ocrx_word' id='word_1_224' title='bbox 1654 3215 1808 3280; x_wconf 79' lang='lat' dir='ltr'>relaxasse</span> <span class='ocrx_word' id='word_1_225' title='bbox 1830 3224 1859 3280; x_wconf 91' lang='lat' dir='ltr'>et</span> <span class='ocrx_word' id='word_1_226' title='bbox 1876 3218 2001 3281; x_wconf 91' lang='lat' dir='ltr'>omnino</span> <span class='ocrx_word' id='word_1_227' title='bbox 2018 3214 2056 3278; x_wconf 89' lang='lat' dir='ltr'>de</span> <span class='ocrx_word' id='word_1_228' title='bbox 2073 3231 2121 3278; x_wconf 88' lang='lat' dir='ltr'>mc</span> <span class='ocrx_word' id='word_1_229' title='bbox 2148 3211 2158 3294; x_wconf 82' lang='grc' dir='ltr'>ΙΙ</span> <span class='ocrx_word' id='word_1_230' title='bbox 2185 3222 2221 3276; x_wconf 89' lang='lat' dir='ltr'>et</span> 
     </span>
     <span class='ocr_line' id='line_1_21' title="bbox 342 3333 2220 3418; baseline -0.001 -19"><span class='ocrx_word' id='word_1_231' title='bbox 342 3339 343 3344; x_wconf 78' lang='grc'>’</span> <span class='ocrx_word' id='word_1_232' title='bbox 382 3337 543 3403; x_wconf 88' lang='lat' dir='ltr'>heredibus</span> <span class='ocrx_word' id='word_1_233' title='bbox 567 3339 641 3402; x_wconf 88' lang='lat' dir='ltr'>meis</span> <span class='ocrx_word' id='word_1_234' title='bbox 663 3341 885 3418; x_wconf 90' lang='lat' dir='ltr'>imperpetuum</span> <span class='ocrx_word' id='word_1_235' title='bbox 907 3337 1041 3414; x_wconf 90' lang='lat' dir='ltr'>quietum</span> <span class='ocrx_word' id='word_1_236' title='bbox 1064 3336 1214 3400; x_wconf 86' lang='lat' dir='ltr'>clamasse</span> <span class='ocrx_word' id='word_1_237' title='bbox 1234 3334 1391 3400; x_wconf 89' lang='lat' dir='ltr'>Willeimo</span> <span class='ocrx_word' id='word_1_238' title='bbox 1413 3335 1546 3417; x_wconf 85' lang='lat' dir='ltr'>lleyton,</span> <span class='ocrx_word' id='word_1_239' title='bbox 1569 3335 1695 3412; x_wconf 90' lang='lat' dir='ltr'>clerico,</span> <span class='ocrx_word' id='word_1_240' title='bbox 1725 3333 1887 3398; x_wconf 88' lang='lat' dir='ltr'>heredibus</span> <span class='ocrx_word' id='word_1_241' title='bbox 1909 3343 1939 3398; x_wconf 90' lang='lat' dir='ltr'>et</span> <span class='ocrx_word' id='word_1_242' title='bbox 1960 3335 2124 3415; x_wconf 86' lang='lat' dir='ltr'>assignetis</span> <span class='ocrx_word' id='word_1_243' title='bbox 2145 3334 2220 3410; x_wconf 82' lang='lat' dir='ltr'>stus,</span> 
     </span>
     <span class='ocr_line' id='line_1_22' title="bbox 382 3449 2219 3537; baseline -0.003 -18"><span class='ocrx_word' id='word_1_244' title='bbox 382 3458 604 3537; x_wconf 89' lang='lat' dir='ltr'>imperpetuum</span> <span class='ocrx_word' id='word_1_245' title='bbox 628 3460 727 3520; x_wconf 85' lang='lat' dir='ltr'>lotum</span> <span class='ocrx_word' id='word_1_246' title='bbox 754 3457 802 3520; x_wconf 86' lang='lat' dir='ltr'>ius</span> <span class='ocrx_word' id='word_1_247' title='bbox 833 3471 932 3518; x_wconf 90' lang='lat' dir='ltr'>meum</span> <span class='ocrx_word' id='word_1_248' title='bbox 960 3463 990 3518; x_wconf 89' lang='lat' dir='ltr'>et</span> <span class='ocrx_word' id='word_1_249' title='bbox 1016 3455 1182 3530; x_wconf 81' lang='lat' dir='ltr'>demeum,</span> <span class='ocrx_word' id='word_1_250' title='bbox 1217 3472 1276 3533; x_wconf 89' lang='lat' dir='ltr'>que</span> <span class='ocrx_word' id='word_1_251' title='bbox 1303 3470 1435 3534; x_wconf 77' lang='lat' dir='ltr'>unquam</span> <span class='ocrx_word' id='word_1_252' title='bbox 1464 3453 1572 3531; x_wconf 89' lang='lat' dir='ltr'>habui,</span> <span class='ocrx_word' id='word_1_253' title='bbox 1605 3453 1704 3518; x_wconf 82' lang='lat' dir='ltr'>haheo</span> <span class='ocrx_word' id='word_1_254' title='bbox 1732 3469 1785 3517; x_wconf 86' lang='lat' dir='ltr'>eeu</span> <span class='ocrx_word' id='word_1_255' title='bbox 1806 3451 2009 3532; x_wconf 88' lang='lat' dir='ltr'>quouismodo</span> <span class='ocrx_word' id='word_1_256' title='bbox 2029 3453 2062 3516; x_wconf 92' lang='lat' dir='ltr'>in</span> <span class='ocrx_word' id='word_1_257' title='bbox 2085 3449 2219 3516; x_wconf 83' lang='lat' dir='ltr'>loturum</span> 
     </span>
     <span class='ocr_line' id='line_1_23' title="bbox 381 3571 2221 3657; baseline -0.002 -19"><span class='ocrx_word' id='word_1_258' title='bbox 381 3574 494 3638; x_wconf 89' lang='lat' dir='ltr'>hebere</span> <span class='ocrx_word' id='word_1_259' title='bbox 515 3583 624 3654; x_wconf 91' lang='lat' dir='ltr'>potero</span> <span class='ocrx_word' id='word_1_260' title='bbox 646 3579 677 3638; x_wconf 88' lang='lat' dir='ltr'>in</span> <span class='ocrx_word' id='word_1_261' title='bbox 700 3583 761 3638; x_wconf 88' lang='lat' dir='ltr'>toto</span> <span class='ocrx_word' id='word_1_262' title='bbox 796 3571 806 3657; x_wconf 86' lang='grc' dir='ltr'>ΙΙ</span> <span class='ocrx_word' id='word_1_263' title='bbox 841 3574 895 3638; x_wconf 93' lang='lat' dir='ltr'>illo</span> <span class='ocrx_word' id='word_1_264' title='bbox 916 3581 1086 3638; x_wconf 86' lang='lat' dir='ltr'>tenemento</span> <span class='ocrx_word' id='word_1_265' title='bbox 1109 3590 1176 3637; x_wconf 92' lang='lat' dir='ltr'>cum</span> <span class='ocrx_word' id='word_1_266' title='bbox 1200 3573 1281 3653; x_wconf 84' lang='lat' dir='ltr'>heyo</span> <span class='ocrx_word' id='word_1_267' title='bbox 1302 3572 1476 3648; x_wconf 86' lang='lat' dir='ltr'>adiacente,</span> <span class='ocrx_word' id='word_1_268' title='bbox 1511 3573 1603 3638; x_wconf 87' lang='lat' dir='ltr'>simul</span> <span class='ocrx_word' id='word_1_269' title='bbox 1629 3589 1697 3636; x_wconf 92' lang='lat' dir='ltr'>cnm</span> <span class='ocrx_word' id='word_1_270' title='bbox 1721 3571 2001 3649; x_wconf 90' lang='lat' dir='ltr'>commoditatibus,</span> <span class='ocrx_word' id='word_1_271' title='bbox 2035 3571 2221 3636; x_wconf 81' lang='lat' dir='ltr'>aisiamentis</span> 
     </span>
     <span class='ocr_line' id='line_1_24' title="bbox 382 3689 2219 3773; baseline -0.002 -17"><span class='ocrx_word' id='word_1_272' title='bbox 382 3701 411 3756; x_wconf 92' lang='lat' dir='ltr'>et</span> <span class='ocrx_word' id='word_1_273' title='bbox 439 3695 641 3773; x_wconf 88' lang='lat' dir='ltr'>pertinentiis,</span> <span class='ocrx_word' id='word_1_274' title='bbox 678 3693 818 3772; x_wconf 89' lang='lat' dir='ltr'>predictis</span> <span class='ocrx_word' id='word_1_275' title='bbox 842 3699 1010 3755; x_wconf 91' lang='lat' dir='ltr'>tenemento</span> <span class='ocrx_word' id='word_1_276' title='bbox 1032 3699 1061 3754; x_wconf 88' lang='lat' dir='ltr'>et</span> <span class='ocrx_word' id='word_1_277' title='bbox 1084 3691 1165 3772; x_wconf 81' lang='lat' dir='ltr'>layo</span> <span class='ocrx_word' id='word_1_278' title='bbox 1187 3691 1445 3772; x_wconf 80' lang='lat' dir='ltr'>qualitercumque</span> <span class='ocrx_word' id='word_1_279' title='bbox 1475 3691 1712 3769; x_wconf 91' lang='lat' dir='ltr'>pertinentibus,</span> <span class='ocrx_word' id='word_1_280' title='bbox 1747 3693 1859 3754; x_wconf 90' lang='lat' dir='ltr'>situato</span> <span class='ocrx_word' id='word_1_281' title='bbox 1889 3693 1918 3752; x_wconf 92' lang='lat' dir='ltr'>in</span> <span class='ocrx_word' id='word_1_282' title='bbox 1949 3689 2084 3764; x_wconf 85' lang='lat' dir='ltr'>venelia,</span> <span class='ocrx_word' id='word_1_283' title='bbox 2114 3694 2219 3752; x_wconf 84' lang='lat' dir='ltr'>vorata</span> 
     </span>
     <span class='ocr_line' id='line_1_25' title="bbox 380 3806 2220 3912; baseline -0.002 -41"><span class='ocrx_word' id='word_1_284' title='bbox 380 3811 645 3893; x_wconf 84' lang='lat' dir='ltr'>Wyndegoslanc,</span> <span class='ocrx_word' id='word_1_285' title='bbox 686 3813 716 3873; x_wconf 93' lang='lat' dir='ltr'>in</span> <span class='ocrx_word' id='word_1_286' title='bbox 749 3809 896 3890; x_wconf 88' lang='lat' dir='ltr'>parochie</span> <span class='ocrx_word' id='word_1_287' title='bbox 934 3807 945 3891; x_wconf 81' lang='grc' dir='ltr'>ΙΙ</span> <span class='ocrx_word' id='word_1_288' title='bbox 982 3808 1127 3872; x_wconf 89' lang='lat' dir='ltr'>Omnium</span> <span class='ocrx_word' id='word_1_289' title='bbox 1161 3807 1341 3873; x_wconf 88' lang='lat' dir='ltr'>Sanctorum</span> <span class='ocrx_word' id='word_1_290' title='bbox 1380 3809 1418 3873; x_wconf 92' lang='lat' dir='ltr'>ed</span> <span class='ocrx_word' id='word_1_291' title='bbox 1452 3809 1554 3873; x_wconf 84' lang='lat' dir='ltr'>fenum</span> <span class='ocrx_word' id='word_1_292' title='bbox 1588 3806 1741 3912; x_wconf 61' lang='lat' dir='ltr'>London3,</span> <span class='ocrx_word' id='word_1_293' title='bbox 1781 3812 1858 3872; x_wconf 87' lang='lat' dir='ltr'>inter</span> <span class='ocrx_word' id='word_1_294' title='bbox 1890 3815 2089 3871; x_wconf 89' lang='lat' dir='ltr'>tenementum</span> <span class='ocrx_word' id='word_1_295' title='bbox 2123 3822 2220 3886; x_wconf 93' lang='lat' dir='ltr'>nuper</span> 
     </span>
     <span class='ocr_line' id='line_1_26' title="bbox 380 3923 2220 4014; baseline -0.002 -22"><span class='ocrx_word' id='word_1_296' title='bbox 380 3927 587 3992; x_wconf 78' lang='lat' dir='ltr'>bartholomei</span> <span class='ocrx_word' id='word_1_297' title='bbox 609 3927 782 4010; x_wconf 81' lang='lat' dir='ltr'>Firestlyng</span> <span class='ocrx_word' id='word_1_298' title='bbox 803 3946 840 3992; x_wconf 85' lang='lat' dir='ltr'>ex</span> <span class='ocrx_word' id='word_1_299' title='bbox 861 3934 948 4008; x_wconf 89' lang='lat' dir='ltr'>perte</span> <span class='ocrx_word' id='word_1_300' title='bbox 969 3927 1118 4005; x_wconf 89' lang='lat' dir='ltr'>orientali,</span> <span class='ocrx_word' id='word_1_301' title='bbox 1141 3935 1171 3991; x_wconf 91' lang='lat' dir='ltr'>et</span> <span class='ocrx_word' id='word_1_302' title='bbox 1192 3928 1305 4008; x_wconf 87' lang='lat' dir='ltr'>layum</span> <span class='ocrx_word' id='word_1_303' title='bbox 1326 3935 1465 3992; x_wconf 85' lang='lat' dir='ltr'>vocatum</span> <span class='ocrx_word' id='word_1_304' title='bbox 1488 3923 1790 4014; x_wconf 81' lang='lat' dir='ltr'>Erterlpcpesbulle</span> <span class='ocrx_word' id='word_1_305' title='bbox 1811 3943 1850 3990; x_wconf 79' lang='lat' dir='ltr'>ex</span> <span class='ocrx_word' id='word_1_306' title='bbox 1870 3935 1958 4005; x_wconf 86' lang='lat' dir='ltr'>parte</span> <span class='ocrx_word' id='word_1_307' title='bbox 1979 3924 2157 3990; x_wconf 77' lang='lat' dir='ltr'>occidentali</span> <span class='ocrx_word' id='word_1_308' title='bbox 2185 3941 2220 3988; x_wconf 89' lang='lat' dir='ltr'>ec</span> 
     </span>
     <span class='ocr_line' id='line_1_27' title="bbox 381 4024 2219 4126; baseline -0.003 -16"><span class='ocrx_word' id='word_1_309' title='bbox 381 4058 492 4126; x_wconf 87' lang='lat' dir='ltr'>equam</span> <span class='ocrx_word' id='word_1_310' title='bbox 520 4045 676 4110; x_wconf 83' lang='lat' dir='ltr'>Themisie</span> <span class='ocrx_word' id='word_1_311' title='bbox 708 4063 744 4110; x_wconf 91' lang='lat' dir='ltr'>ex</span> <span class='ocrx_word' id='word_1_312' title='bbox 778 4055 864 4126; x_wconf 89' lang='lat' dir='ltr'>parte</span> <span class='ocrx_word' id='word_1_313' title='bbox 897 4045 1039 4122; x_wconf 86' lang='lat' dir='ltr'>australi,</span> <span class='ocrx_word' id='word_1_314' title='bbox 1073 4054 1102 4107; x_wconf 91' lang='lat' dir='ltr'>et</span> <span class='ocrx_word' id='word_1_315' title='bbox 1134 4054 1334 4110; x_wconf 86' lang='lat' dir='ltr'>tenementum</span> <span class='ocrx_word' id='word_1_316' title='bbox 1367 4061 1463 4124; x_wconf 89' lang='lat' dir='ltr'>nuper</span> <span class='ocrx_word' id='word_1_317' title='bbox 1488 4044 1642 4126; x_wconf 83' lang='lat' dir='ltr'>hadulphi</span> <span class='ocrx_word' id='word_1_318' title='bbox 1667 4043 1823 4125; x_wconf 83' lang='lat' dir='ltr'>Blaheney</span> <span class='ocrx_word' id='word_1_319' title='bbox 1854 4062 1891 4108; x_wconf 89' lang='lat' dir='ltr'>ex</span> <span class='ocrx_word' id='word_1_320' title='bbox 1920 4024 2007 4124; x_wconf 80' lang='lat' dir='ltr'>perte</span> <span class='ocrx_word' id='word_1_321' title='bbox 2036 4043 2219 4122; x_wconf 87' lang='lat' dir='ltr'>aquilonari,</span> 
     </span>
     <span class='ocr_line' id='line_1_28' title="bbox 380 4161 2221 4247; baseline -0.002 -19"><span class='ocrx_word' id='word_1_322' title='bbox 380 4165 461 4245; x_wconf 92' lang='lat' dir='ltr'>quod</span> <span class='ocrx_word' id='word_1_323' title='bbox 494 4164 615 4244; x_wconf 90' lang='lat' dir='ltr'>quidem</span> <span class='ocrx_word' id='word_1_324' title='bbox 650 4171 849 4229; x_wconf 89' lang='lat' dir='ltr'>tenementum</span> <span class='ocrx_word' id='word_1_325' title='bbox 889 4181 957 4228; x_wconf 90' lang='lat' dir='ltr'>cum</span> <span class='ocrx_word' id='word_1_326' title='bbox 991 4164 1072 4244; x_wconf 86' lang='lat' dir='ltr'>layo</span> <span class='ocrx_word' id='word_1_327' title='bbox 1106 4179 1163 4247; x_wconf 90' lang='lat' dir='ltr'>ego</span> <span class='ocrx_word' id='word_1_328' title='bbox 1196 4161 1333 4245; x_wconf 83' lang='lat' dir='ltr'>prelatus</span> <span class='ocrx_word' id='word_1_329' title='bbox 1366 4164 1504 4246; x_wconf 86' lang='lat' dir='ltr'>liogerus</span> <span class='ocrx_word' id='word_1_330' title='bbox 1537 4164 1626 4227; x_wconf 91' lang='lat' dir='ltr'>simul</span> <span class='ocrx_word' id='word_1_331' title='bbox 1660 4180 1728 4227; x_wconf 91' lang='lat' dir='ltr'>cum</span> <span class='ocrx_word' id='word_1_332' title='bbox 1763 4162 1899 4244; x_wconf 92' lang='lat' dir='ltr'>predicto</span> <span class='ocrx_word' id='word_1_333' title='bbox 1931 4161 2091 4226; x_wconf 90' lang='lat' dir='ltr'>Willelmo</span> <span class='ocrx_word' id='word_1_334' title='bbox 2124 4177 2221 4240; x_wconf 91' lang='lat' dir='ltr'>nuper</span> 
     </span>
     <span class='ocr_line' id='line_1_29' title="bbox 380 4281 2219 4361; baseline -0.001 -15"><span class='ocrx_word' id='word_1_335' title='bbox 380 4284 542 4348; x_wconf 88' lang='lat' dir='ltr'>babuimus</span> <span class='ocrx_word' id='word_1_336' title='bbox 571 4301 609 4350; x_wconf 86' lang='lat' dir='ltr'>ex</span> <span class='ocrx_word' id='word_1_337' title='bbox 638 4282 718 4348; x_wconf 91' lang='lat' dir='ltr'>douo</span> <span class='ocrx_word' id='word_1_338' title='bbox 740 4293 770 4348; x_wconf 89' lang='lat' dir='ltr'>et</span> <span class='ocrx_word' id='word_1_339' title='bbox 791 4282 984 4348; x_wconf 78' lang='lat' dir='ltr'>fondamento</span> <span class='ocrx_word' id='word_1_340' title='bbox 1005 4281 1127 4346; x_wconf 83' lang='lat' dir='ltr'>Ricardi</span> <span class='ocrx_word' id='word_1_341' title='bbox 1148 4281 1319 4359; x_wconf 82' lang='lat' dir='ltr'>Boheland,</span> <span class='ocrx_word' id='word_1_342' title='bbox 1353 4283 1429 4348; x_wconf 90' lang='lat' dir='ltr'>ciuis</span> <span class='ocrx_word' id='word_1_343' title='bbox 1452 4289 1481 4345; x_wconf 91' lang='lat' dir='ltr'>et</span> <span class='ocrx_word' id='word_1_344' title='bbox 1501 4283 1664 4361; x_wconf 90' lang='lat' dir='ltr'>pisoenerii</span> <span class='ocrx_word' id='word_1_345' title='bbox 1686 4282 1906 4348; x_wconf 81' lang='lat' dir='ltr'>londonensis.</span> <span class='ocrx_word' id='word_1_346' title='bbox 1949 4281 1993 4346; x_wconf 89' lang='lat' dir='ltr'>lta</span> <span class='ocrx_word' id='word_1_347' title='bbox 2016 4298 2105 4359; x_wconf 82' lang='lat' dir='ltr'>vero,</span> <span class='ocrx_word' id='word_1_348' title='bbox 2138 4281 2219 4359; x_wconf 91' lang='lat' dir='ltr'>quod</span> 
     </span>
     <span class='ocr_line' id='line_1_30' title="bbox 380 4399 2220 4485; baseline -0.002 -19"><span class='ocrx_word' id='word_1_349' title='bbox 380 4419 434 4466; x_wconf 88' lang='lat' dir='ltr'>nec</span> <span class='ocrx_word' id='word_1_350' title='bbox 457 4419 531 4485; x_wconf 87' lang='lat' dir='ltr'>ego,</span> <span class='ocrx_word' id='word_1_351' title='bbox 562 4403 716 4480; x_wconf 88' lang='lat' dir='ltr'>predictus</span> <span class='ocrx_word' id='word_1_352' title='bbox 738 4403 891 4483; x_wconf 82' lang='lat' dir='ltr'>lisgerus,</span> <span class='ocrx_word' id='word_1_353' title='bbox 920 4419 976 4465; x_wconf 90' lang='lat' dir='ltr'>nec</span> <span class='ocrx_word' id='word_1_354' title='bbox 997 4399 1124 4464; x_wconf 87' lang='lat' dir='ltr'>heredes</span> <span class='ocrx_word' id='word_1_355' title='bbox 1146 4401 1204 4462; x_wconf 91' lang='lat' dir='ltr'>mei</span> <span class='ocrx_word' id='word_1_356' title='bbox 1231 4417 1287 4464; x_wconf 89' lang='lat' dir='ltr'>nec</span> <span class='ocrx_word' id='word_1_357' title='bbox 1309 4399 1420 4478; x_wconf 84' lang='lat' dir='ltr'>aliquis</span> <span class='ocrx_word' id='word_1_358' title='bbox 1446 4399 1525 4464; x_wconf 87' lang='lat' dir='ltr'>elius</span> <span class='ocrx_word' id='word_1_359' title='bbox 1553 4417 1609 4481; x_wconf 93' lang='lat' dir='ltr'>pro</span> <span class='ocrx_word' id='word_1_360' title='bbox 1638 4402 1725 4466; x_wconf 90' lang='lat' dir='ltr'>nobis</span> <span class='ocrx_word' id='word_1_361' title='bbox 1754 4417 1808 4466; x_wconf 89' lang='lat' dir='ltr'>seu</span> <span class='ocrx_word' id='word_1_362' title='bbox 1830 4403 1951 4466; x_wconf 90' lang='lat' dir='ltr'>nomine</span> <span class='ocrx_word' id='word_1_363' title='bbox 1973 4408 2077 4464; x_wconf 91' lang='lat' dir='ltr'>nostro</span> <span class='ocrx_word' id='word_1_364' title='bbox 2105 4399 2220 4480; x_wconf 89' lang='lat' dir='ltr'>aliquid</span> 
     </span>
     <span class='ocr_line' id='line_1_31' title="bbox 379 4517 2218 4602; baseline -0.001 -20"><span class='ocrx_word' id='word_1_365' title='bbox 379 4522 471 4598; x_wconf 91' lang='lat' dir='ltr'>iuris,</span> <span class='ocrx_word' id='word_1_366' title='bbox 506 4521 584 4583; x_wconf 90' lang='lat' dir='ltr'>tituli</span> <span class='ocrx_word' id='word_1_367' title='bbox 612 4537 665 4584; x_wconf 92' lang='lat' dir='ltr'>seu</span> <span class='ocrx_word' id='word_1_368' title='bbox 694 4521 801 4584; x_wconf 90' lang='lat' dir='ltr'>clemei</span> <span class='ocrx_word' id='word_1_369' title='bbox 831 4524 861 4582; x_wconf 93' lang='lat' dir='ltr'>in</span> <span class='ocrx_word' id='word_1_370' title='bbox 890 4527 953 4582; x_wconf 90' lang='lat' dir='ltr'>toto</span> <span class='ocrx_word' id='word_1_371' title='bbox 979 4517 1118 4597; x_wconf 91' lang='lat' dir='ltr'>predicto</span> <span class='ocrx_word' id='word_1_372' title='bbox 1149 4527 1318 4584; x_wconf 77' lang='lat' dir='ltr'>mnemento</span> <span class='ocrx_word' id='word_1_373' title='bbox 1348 4535 1417 4582; x_wconf 91' lang='lat' dir='ltr'>oum</span> <span class='ocrx_word' id='word_1_374' title='bbox 1443 4519 1523 4602; x_wconf 82' lang='lat' dir='ltr'>haye</span> <span class='ocrx_word' id='word_1_375' title='bbox 1551 4517 1707 4584; x_wconf 79' lang='lat' dir='ltr'>adiacente</span> <span class='ocrx_word' id='word_1_376' title='bbox 1736 4519 1828 4584; x_wconf 91' lang='lat' dir='ltr'>simul</span> <span class='ocrx_word' id='word_1_377' title='bbox 1850 4535 1918 4584; x_wconf 91' lang='lat' dir='ltr'>cum</span> <span class='ocrx_word' id='word_1_378' title='bbox 1941 4519 2218 4595; x_wconf 73' lang='lat' dir='ltr'>commoditatibus,</span> 
     </span>
     <span class='ocr_line' id='line_1_32' title="bbox 379 4635 2218 4720; baseline -0.001 -20"><span class='ocrx_word' id='word_1_379' title='bbox 379 4639 564 4702; x_wconf 87' lang='lat' dir='ltr'>eisiamcntis</span> <span class='ocrx_word' id='word_1_380' title='bbox 592 4646 622 4702; x_wconf 91' lang='lat' dir='ltr'>et</span> <span class='ocrx_word' id='word_1_381' title='bbox 649 4639 836 4718; x_wconf 85' lang='lat' dir='ltr'>pertinentiis</span> <span class='ocrx_word' id='word_1_382' title='bbox 863 4636 1063 4717; x_wconf 87' lang='lat' dir='ltr'>supradictis,</span> <span class='ocrx_word' id='word_1_383' title='bbox 1097 4654 1152 4700; x_wconf 91' lang='lat' dir='ltr'>nec</span> <span class='ocrx_word' id='word_1_384' title='bbox 1181 4641 1213 4701; x_wconf 93' lang='lat' dir='ltr'>iu</span> <span class='ocrx_word' id='word_1_385' title='bbox 1243 4637 1344 4717; x_wconf 90' lang='lat' dir='ltr'>aliqua</span> <span class='ocrx_word' id='word_1_386' title='bbox 1372 4637 1441 4701; x_wconf 89' lang='lat' dir='ltr'>inde</span> <span class='ocrx_word' id='word_1_387' title='bbox 1470 4635 1605 4718; x_wconf 85' lang='lat' dir='ltr'>parcella</span> <span class='ocrx_word' id='word_1_388' title='bbox 1634 4638 1672 4702; x_wconf 91' lang='lat' dir='ltr'>dc</span> <span class='ocrx_word' id='word_1_389' title='bbox 1702 4646 1802 4702; x_wconf 85' lang='lat' dir='ltr'>cetero</span> <span class='ocrx_word' id='word_1_390' title='bbox 1816 4692 1819 4703; x_wconf 92' lang='lat'>.</span> <span class='ocrx_word' id='word_1_391' title='bbox 1832 4639 1969 4720; x_wconf 86' lang='lat' dir='ltr'>exigere,</span> <span class='ocrx_word' id='word_1_392' title='bbox 2003 4637 2136 4701; x_wconf 78' lang='lat' dir='ltr'>clamere</span> <span class='ocrx_word' id='word_1_393' title='bbox 2164 4653 2218 4700; x_wconf 87' lang='lat' dir='ltr'>seu</span> 
     </span>
     <span class='ocr_line' id='line_1_33' title="bbox 378 4754 2218 4835; baseline 0.002 -21"><span class='ocrx_word' id='word_1_394' title='bbox 378 4754 537 4818; x_wconf 85' lang='lat' dir='ltr'>vendicare</span> <span class='ocrx_word' id='word_1_395' title='bbox 558 4757 725 4835; x_wconf 87' lang='lat' dir='ltr'>poterimus</span> <span class='ocrx_word' id='word_1_396' title='bbox 754 4773 810 4820; x_wconf 89' lang='lat' dir='ltr'>nco</span> <span class='ocrx_word' id='word_1_397' title='bbox 838 4756 983 4820; x_wconf 88' lang='lat' dir='ltr'>dehemus</span> <span class='ocrx_word' id='word_1_398' title='bbox 1005 4756 1206 4834; x_wconf 89' lang='lat' dir='ltr'>quouisthodo</span> <span class='ocrx_word' id='word_1_399' title='bbox 1228 4757 1259 4820; x_wconf 95' lang='lat' dir='ltr'>in</span> <span class='ocrx_word' id='word_1_400' title='bbox 1281 4754 1432 4832; x_wconf 79' lang='lat' dir='ltr'>futurum,</span> <span class='ocrx_word' id='word_1_401' title='bbox 1455 4764 1501 4820; x_wconf 89' lang='lat' dir='ltr'>set</span> <span class='ocrx_word' id='word_1_402' title='bbox 1524 4757 1563 4821; x_wconf 87' lang='lat' dir='ltr'>eh</span> <span class='ocrx_word' id='word_1_403' title='bbox 1585 4761 1668 4820; x_wconf 92' lang='lat' dir='ltr'>omni</span> <span class='ocrx_word' id='word_1_404' title='bbox 1690 4758 1814 4822; x_wconf 89' lang='lat' dir='ltr'>accione</span> <span class='ocrx_word' id='word_1_405' title='bbox 1837 4757 1928 4833; x_wconf 88' lang='lat' dir='ltr'>iuris,</span> <span class='ocrx_word' id='word_1_406' title='bbox 1957 4755 2035 4820; x_wconf 91' lang='lat' dir='ltr'>tituli</span> <span class='ocrx_word' id='word_1_407' title='bbox 2059 4763 2088 4818; x_wconf 88' lang='lat' dir='ltr'>et</span> <span class='ocrx_word' id='word_1_408' title='bbox 2110 4754 2218 4820; x_wconf 87' lang='lat' dir='ltr'>clamei</span> 
     </span>
     <span class='ocr_line' id='line_1_34' title="bbox 378 4861 2218 4965; baseline 0.001 -30"><span class='ocrx_word' id='word_1_409' title='bbox 378 4871 449 4936; x_wconf 91' lang='lat' dir='ltr'>inde</span> <span class='ocrx_word' id='word_1_410' title='bbox 476 4875 570 4938; x_wconf 86' lang='lat' dir='ltr'>simus</span> <span class='ocrx_word' id='word_1_411' title='bbox 598 4873 713 4940; x_wconf 81' lang='lat' dir='ltr'>exclusi</span> <span class='ocrx_word' id='word_1_412' title='bbox 742 4861 964 4965; x_wconf 84' lang='lat' dir='ltr'>imperpetuum</span> <span class='ocrx_word' id='word_1_413' title='bbox 992 4891 1049 4956; x_wconf 90' lang='lat' dir='ltr'>per</span> <span class='ocrx_word' id='word_1_414' title='bbox 1075 4882 1241 4954; x_wconf 85' lang='lat' dir='ltr'>presentes.</span> <span class='ocrx_word' id='word_1_415' title='bbox 1284 4873 1317 4938; x_wconf 92' lang='lat' dir='ltr'>lo</span> <span class='ocrx_word' id='word_1_416' title='bbox 1347 4875 1433 4939; x_wconf 90' lang='lat' dir='ltr'>cuius</span> <span class='ocrx_word' id='word_1_417' title='bbox 1460 4877 1503 4938; x_wconf 92' lang='lat' dir='ltr'>rei</span> <span class='ocrx_word' id='word_1_418' title='bbox 1533 4875 1737 4940; x_wconf 89' lang='lat' dir='ltr'>testimonium</span> <span class='ocrx_word' id='word_1_419' title='bbox 1763 4873 1833 4938; x_wconf 90' lang='lat' dir='ltr'>huic</span> <span class='ocrx_word' id='word_1_420' title='bbox 1856 4875 1987 4954; x_wconf 89' lang='lat' dir='ltr'>presenti</span> <span class='ocrx_word' id='word_1_421' title='bbox 2009 4874 2124 4953; x_wconf 91' lang='lat' dir='ltr'>scripto</span> <span class='ocrx_word' id='word_1_422' title='bbox 2151 4887 2218 4936; x_wconf 93' lang='lat' dir='ltr'>mco</span> 
     </span>
     <span class='ocr_line' id='line_1_35' title="bbox 378 4989 2220 5076; baseline -0.002 -22"><span class='ocrx_word' id='word_1_423' title='bbox 378 4991 513 5074; x_wconf 87' lang='lat' dir='ltr'>sigillum</span> <span class='ocrx_word' id='word_1_424' title='bbox 535 5007 635 5056; x_wconf 90' lang='lat' dir='ltr'>meum</span> <span class='ocrx_word' id='word_1_425' title='bbox 658 4995 798 5074; x_wconf 88' lang='lat' dir='ltr'>apposui.</span> <span class='ocrx_word' id='word_1_426' title='bbox 842 4993 953 5058; x_wconf 82' lang='lat' dir='ltr'>hatum</span> <span class='ocrx_word' id='word_1_427' title='bbox 974 4992 1114 5072; x_wconf 89' lang='lat' dir='ltr'>Loudon,</span> <span class='ocrx_word' id='word_1_428' title='bbox 1146 4991 1325 5058; x_wconf 89' lang='lat' dir='ltr'>duodecimo</span> <span class='ocrx_word' id='word_1_429' title='bbox 1348 4992 1397 5057; x_wconf 90' lang='lat' dir='ltr'>die</span> <span class='ocrx_word' id='word_1_430' title='bbox 1418 4993 1563 5076; x_wconf 76' lang='lat' dir='ltr'>Augusti,</span> <span class='ocrx_word' id='word_1_431' title='bbox 1595 5011 1677 5060; x_wconf 88' lang='lat' dir='ltr'>anno</span> <span class='ocrx_word' id='word_1_432' title='bbox 1699 4993 1785 5074; x_wconf 84' lang='lat' dir='ltr'>regni</span> <span class='ocrx_word' id='word_1_433' title='bbox 1807 4993 1888 5074; x_wconf 86' lang='lat' dir='ltr'>regis</span> <span class='ocrx_word' id='word_1_434' title='bbox 1910 4989 2029 5055; x_wconf 87' lang='lat' dir='ltr'>llenrici</span> <span class='ocrx_word' id='word_1_435' title='bbox 2051 4992 2129 5054; x_wconf 90' lang='lat' dir='ltr'>sexti</span> <span class='ocrx_word' id='word_1_436' title='bbox 2150 4995 2220 5069; x_wconf 84' lang='lat' dir='ltr'>post</span> 
     </span>
    </p>
   </div>
   <div class='ocr_carea' id='block_1_5' title="bbox 378 5111 2012 5293">
    <p class='ocr_par' dir='ltr' id='par_1_7' title="bbox 378 5111 2012 5293">
     <span class='ocr_line' id='line_1_36' title="bbox 378 5111 708 5190; baseline 0.006 -16"><span class='ocrx_word' id='word_1_437' title='bbox 378 5119 575 5189; x_wconf 87' lang='lat' dir='ltr'>conquestum</span> <span class='ocrx_word' id='word_1_438' title='bbox 597 5111 708 5190; x_wconf 90' lang='lat' dir='ltr'>primo.</span> 
     </span>
     <span class='ocr_line' id='line_1_37' title="bbox 1884 5226 2012 5293; baseline -0.016 -1"><span class='ocrx_word' id='word_1_439' title='bbox 1884 5226 2012 5293; x_wconf 83' lang='lat' dir='ltr'>Boeshe.</span> 
     </span>
    </p>
   </div>
   <div class='ocr_carea' id='block_1_6' title="bbox 0 0 2462 6249">
    <p class='ocr_par' dir='ltr' id='par_1_8' title="bbox 0 0 2462 6249">
     <span class='ocr_line' id='line_1_38' title="bbox 0 0 2462 6249; baseline 0 0"><span class='ocrx_word' id='word_1_440' title='bbox 0 0 2462 6249; x_wconf 95' lang='lat' dir='ltr'> </span> 
     </span>
    </p>
   </div>
  </div>
 </body>
</html>
