4914 6254
422 561 508 644 100
1150 551 1260 651 lusit,
1287 555 1432 628 October
1458 551 1516 625 25.

419 849 613 912 ecclesiarum
636 847 856 930 predictarum,
889 845 927 909 ad
950 845 1095 908 honorem
1117 853 1147 909 ct
1168 845 1325 909 servicium
1347 842 1402 908 Dei
1428 837 1658 924 omnipotentis,
1693 842 1778 905 beate
1799 841 1893 904 llarie
1915 841 2039 923 virginis
2060 837 2194 922 gloriose
2213 847 2243 902 et

421 965 573 1034 motum
596 963 805 1050 Sanctorum,
829 965 900 1030 dum
923 965 1060 1030 sufficere
1081 973 1205 1044 possent
1226 973 1255 1028 et
1277 965 1397 1028 durare.
1440 963 1478 1027 Et
1498 963 1593 1026 voluit
1613 965 1718 1039 etiarn,
1742 961 1833 1041 qnod,
1856 961 1989 1040 qualibet
2010 959 2059 1023 dic
2079 957 2241 1034 dominica,

417 1091 447 1150 in
471 1087 606 1167 qnalibet
635 1087 761 1150 ecelesia
783 1085 986 1167 predictarum
1008 1085 1098 1147 trium
1121 1085 1332 1163 eeclesiarum,
1355 1083 1469 1148 scilicet
1490 1085 1586 1146 saneti
1610 1082 1786 1162 Botbulpbi‚
1821 1077 1976 1146 Omnium
1999 1075 2192 1169 Sanctorum
2212 1086 2242 1140 et

417 1210 512 1270 saneti
532 1207 660 1284 Andree,
684 1216 782 1270 rector
803 1222 855 1269 seu
878 1205 942 1267 eius
963 1203 1064 1267 locum
1087 1212 1189 1267 tenens
1212 1205 1319 1268 deuote
1340 1212 1369 1268 ct
1391 1204 1564 1267 nominatim
1582 1201 1645 1265 Deo
1666 1201 1792 1265 baberet
1812 1199 2087 1265 recommendatum
2110 1199 2241 1262 animaru

417 1344 514 1404 suam,
537 1334 565 1390 et
587 1329 704 1391 animas
733 1321 912 1405 Willielmr',
936 1323 1030 1404 patris
1053 1324 1110 1401 sui,
1133 1331 1162 1386 et
1186 1319 1335 1405 leubellc,
1359 1325 1464 1387 matt-is
1485 1339 1549 1400 sne,
1572 1339 1607 1386 ac
1629 1323 1763 1385 omnium
1786 1321 1916 1385 fidelium
1940 1317 2159 1383 detunctorum.

571 1445 605 1509 Et
627 1447 721 1509 soluit
743 1446 878 1523 ulterius,
901 1443 982 1523 quod
1005 1444 1102 1506 maior
1123 1445 1185 1506 sive
1207 1451 1308 1507 custos
1331 1444 1460 1506 ciuitatis
1482 1441 1618 1506 London.
1641 1457 1697 1521 pro
1728 1449 1863 1522 tempore
1891 1439 2023 1503 existens
2050 1453 2109 1517 pro
2135 1437 2240 1500 labore

414 1581 470 1628 suo
492 1567 573 1629 circa
595 1568 743 1644 premissa
765 1565 893 1628 tideliter
914 1561 1064 1640 laniendo,
1087 1561 1210 1626 baberet
1231 1571 1260 1626 et
1281 1565 1451 1641 perciperet
1472 1562 1627 1624 annuatim
1650 1559 1687 1625 de
1704 1559 1877 1653 exitibus‘et
1890 1558 2033 1639 pmdenis
2050 1555 2239 1638 singulorum

414 1685 619 1764 predictorum
644 1694 791 1748 terrarum
814 1691 843 1747 et
864 1690 1101 1746 tenementomm
1124 1697 1191 1744 eum
1215 1683 1277 1745 suis
1299 1681 1502 1762 pertinenciis,
1526 1679 1630 1763 viginti
1653 1679 1764 1743 solidos
1787 1679 2018 1762 sterlingorum,
2040 1684 2070 1739 et
2091 1674 2172 1755 quod
2194 1691 2240 1738 rc-

416 1803 559 1867 cordstor
580 1803 713 1867 eiusdem
735 1805 863 1868 civitatis
885 1819 941 1881 pro
965 1810 1100 1881 tempore
1121 1801 1265 1877 existens,
1293 1817 1350 1878 pro
1373 1816 1428 1864 suo
1451 1799 1575 1863 consilio
1597 1807 1626 1862 et
1648 1799 1760 1862 auxilio
1782 1799 1935 1862 annuatim
1958 1797 1988 1859 in
2010 1795 2167 1876 premissis
2187 1793 2241 1858 do·

415 1922 515 1986 nando
536 1929 566 1985 ct
587 1921 739 2000 iaciendo,
764 1921 889 1985 baberet
910 1937 964 1984 sex
985 1917 1100 1983 solidos
1122 1927 1152 1981 et
1172 1927 1241 1982 octo
1264 1918 1404 1982 denarios
1411 1937 1422 1996 ;
1456 1935 1491 1982 ac
1513 1917 1593 1997 quod
1617 1919 1801 1981 camerarius
1823 1915 1982 1999 Guybalde
2004 1914 2155 1994 predicte,
2183 1929 2239 1993 pro

414 2057 470 2104 suo
491 2040 596 2104 labore
618 2043 647 2104 in
670 2041 896 2103 ministracione
917 2038 1106 2121 singulorum
1129 2040 1364 2119 premissorum,
1399 2037 1524 2101 baberet
1554 2037 1711 2101 tresdecim
1738 2036 1851 2100 solidos
1880 2044 1910 2099 et
1931 2043 2062 2115 quatuor
2087 2033 2238 2096 denarios.

413 2159 450 2222 Et
472 2159 551 2222 ultra
572 2160 721 2240 premissa
744 2159 838 2222 voluit
859 2159 940 2238 quod
962 2156 1129 2236 supradicti
1152 2158 1249 2220 maior
1271 2158 1333 2220 sire
1355 2165 1456 2220 custos
1479 2166 1508 2220 et
1529 2158 1714 2220 camerarius
1736 2153 1913 2237 Guybulde,
1941 2162 2097 2217 eteorum
2120 2167 2239 2216 succes-

413 2294 498 2342 sores
520 2279 572 2357 qni
593 2295 650 2357 pro
672 2287 808 2357 tempore
829 2275 942 2354 forent,
972 2276 1122 2340 solverent
1144 2277 1296 2340 annuatim
1321 2279 1541 2355 imperpetuum
1564 2277 1601 2339 de
1622 2275 1750 2338 exitibus
1773 2281 1801 2336 et
1823 2272 1966 2356 proficuis
1988 2271 2145 2354 predictis,
2174 2273 2239 2334 eui·

413 2398 488 2460 libet
509 2395 706 2460 aldermanno
728 2396 876 2458 dietamm
900 2396 990 2458 trium
1012 2394 1202 2472 wurdamm,
1235 2395 1274 2458 ad
1297 2395 1548 2473 supervidendum
1571 2405 1599 2458 ct
1621 2393 1879 2478 cognoscendum,
1914 2399 1947 2454 ut
1967 2392 2116 2472 premissa
2137 2389 2238 2452 omnia

414 2524 443 2578 ct
465 2514 587 2597 singula
609 2516 684 2578 bene
705 2521 735 2576 et
756 2513 886 2575 fideliter
907 2513 1137 2591 perficerentur,
1167 2531 1220 2577 sen
1241 2513 1357 2577 solidos
1378 2521 1408 2576 et
1429 2522 1497 2577 octo
1519 2513 1678 2591 denarios;
1711 2530 1828 2576 necnon
1851 2512 1973 2576 cuilibet
1994 2510 2122 2574 duomm
2145 2511 2240 2591 tnagi-

413 2644 544 2698 strorum
567 2635 628 2696 sire
650 2631 807 2696 custodum
830 2603 932 2711 pontis
954 2630 1090 2696 London.
1112 2648 1169 2713 pro
1192 2641 1325 2713 tempore
1348 2633 1560 2709 cristeneium,
1583 2633 1688 2696 eodem
1711 2632 1817 2709 modo,
1841 2639 1901 2694 tres
1923 2629 2038 2694 solidos
2061 2636 2238 2708 etquattuor

412 2754 564 2818 denarios.
608 2752 644 2815 Et
666 2749 747 2830 quod
769 2757 830 2813 tota
853 2757 983 2828 moneta,
1005 2752 1184 2828 pmveniens
1206 2750 1243 2815 de
1265 2751 1407 2832 proficuis
1429 2752 1618 2835 singulorum
1641 2752 1843 2834 predictorum
1866 2747 2066 2814 temarum‘et
2087 2757 2235 2812 tenemen-

413 2882 523 2950 torum,
547 2888 604 2950 que
626 2868 796 2949 superloret
818 2869 896 2932 ultra
918 2869 1040 2952 singula
1063 2871 1211 2949 premissa
1233 2871 1423 2951 perimpletu,
1447 2871 1541 2935 soluit
1562 2873 1592 2934 in
1616 2872 1692 2936 duas
1713 2880 1815 2950 partes
1837 2867 2159 2948 dividerentequrles3
2181 2868 2231 2931 sci-

411 2993 495 3070 licet,
529 3008 619 3054 unam
649 2989 718 3053 inde
746 2991 911 3072 assignarit
940 2988 978 3052 ad
1000 2989 1227 3053 instaurandum
1250 2993 1426 3072 panarium
1447 2991 1577 3055 ciuitatis
1599 2989 1734 3055 London.
1757 3008 1826 3054 cum
1848 2989 1998 3054 immerito
2020 2989 2050 3051 in
2072 2987 2185 3052 auxilio
2204 2993 2229 3050 ct

410 3111 599 3175 releracione
621 3109 843 3174 communitatis
865 3107 998 3173 eiusdem
1017 3110 1147 3172 ciuitatis
1164 3111 1194 3172 in
1212 3109 1340 3172 articulo
1357 3111 1541 3174 necessitatis
1548 3129 1559 3188 ς
1582 3119 1611 3174 et
1632 3111 1757 3174 alteram
1779 3109 1849 3172 indc
1871 3126 1941 3173 vero
1963 3115 2080 3189 partem
2102 3109 2232 3190 assigna·

410 3233 460 3309 rit,
485 3247 576 3294 causa
599 3229 734 3308 subsidii,
757 3227 795 3292 sd
819 3226 1005 3292 vacuandum
1028 3235 1057 3291 et
1079 3228 1283 3292 mundandum
1308 3227 1355 3295 lez
1379 3225 1515 3315 Shelpes
1536 3237 1565 3293 et
1586 3239 1701 3294 ceteras
1723 3229 1956 3294 obseuraeiones
1977 3245 2055 3308 aque
2072 3227 2232 3303 Thamisie,

408 3360 500 3430 prout
522 3349 645 3430 qnidam
667 3347 802 3413 lecerunt
824 3350 854 3410 in
876 3347 984 3411 Prueia
1007 3355 1036 3412 et
1057 3348 1125 3410 aliis
1147 3349 1283 3430 partibus
1306 3351 1531 3429 transmarinis,
1560 3347 1725 3413 secundum
1748 3350 1861 3414 dictum
1884 3356 1913 3413 et
1933 3349 2117 3412 relacionem
2139 3347 2232 3427 pluri·

409 3486 527 3534 morum
552 3469 783 3553 fldedigoornm.

561 3587 599 3652 Et
621 3589 746 3653 ulterius
769 3589 867 3653 dictus
887 3587 1040 3651 lohannes
1061 3587 1237 3669 llepnewcll
1261 3589 1371 3667 votuit,
1394 3590 1475 3670 quod
1498 3587 1610 3653 ieoffati
1632 3591 1679 3652 sni
1701 3590 1830 3668 predicti
1850 3591 2015 3668 premissa,
2037 3595 2181 3668 qnantum
2203 3587 2233 3648 in

410 3709 453 3770 eis
476 3717 569 3784 esset,
600 3707 777 3786 perlicerent
798 3724 867 3770 cunr
890 3709 969 3770 bona
991 3705 1211 3772 deliberacione
1240 3717 1268 3772 et
1296 3726 1364 3772 eum
1394 3727 1469 3773 seno
1496 3719 1526 3773 et
1546 3709 1676 3774 discreto
1698 3709 1840 3786 consilio,
1870 3715 1962 3789 pront
1982 3709 2013 3771 in
2034 3709 2108 3788 ipsis
2130 3709 2233 3768 intime

410 3825 588 3889 confidebat.
631 3825 667 3888 Et
689 3835 795 3904 postea
817 3827 945 3907 predicti
966 3825 1150 3891 Willielmus
1172 3824 1320 3906 Cumbes,
1346 3827 1498 3892 lohannes
1519 3827 1658 3909 lloilryn,
1684 3828 1836 3893 lobannes
1858 3827 2000 3906 Colston,
2031 3836 2060 3892 et
2080 3827 2230 3891 lohannes

410 3940 535 4024 Gyilard
565 3943 713 4007 obierunt.
765 3944 836 4007 Post
862 3961 990 4025 quorum
1018 3955 1145 4009 mortem
1174 3945 1328 4025 predictus
1356 3946 1539 4010 willielmus
1567 3946 1720 4011 Abrabam
1749 3956 1779 4011 et
1806 3963 1863 4031 ego
1889 3945 2025 4027 prelatus
2052 3945 2233 4010 Willielnrus

409 4059 553 4139 Stailord,
576 4077 629 4124 eos
651 4063 891 4142 superviventes,
915 4067 944 4127 in
968 4067 1071 4140 terris,
1094 4069 1270 4129 tenementis
1291 4073 1321 4128 et
1344 4066 1476 4129 terminis
1498 4067 1638 4130 omnibus
1659 4075 1689 4128 et
1709 4065 1836 4150 singulis
1858 4065 2038 4148 supradictis
2059 4081 2116 4129 nos
2139 4066 2231 4129 tenui·

408 4199 486 4261 mus,
509 4182 663 4262 scisitique
686 4180 881 4244 indoluimus
904 4190 932 4244 et
953 4187 1169 4263 possessionati
1191 4201 1247 4262 per
1269 4187 1314 4247 ius
1331 4182 1536 4248 accrescendi:
1560 4193 1589 4248 et
1610 4187 1640 4247 in
1663 4184 1834 4249 huiusmodi
1860 4186 1971 4248 seisina
1992 4193 2022 4249 et
2042 4188 2232 4264 possessione

409 4303 478 4380 mei,
503 4299 629 4382 predicti
652 4298 811 4363 Willielmi
834 4297 981 4377 Stallord,
1005 4303 1070 4380 ipse
1092 4301 1276 4366 Willielmus
1298 4301 1465 4380 soranam,
1488 4320 1545 4383 per
1566 4301 1678 4367 foetum
1702 4321 1806 4382 suurn,
1829 4306 1914 4368 cuins
1936 4303 2038 4367 datum
2061 4313 2107 4368 est
2128 4306 2229 4383 quinto

407 4421 455 4486 die
477 4425 590 4485 mensis
611 4419 771 4497 Octobris,
801 4436 881 4482 anno
910 4421 993 4502 regni
1015 4419 1087 4484 dieti
1110 4423 1197 4504 regis,
1212 4421 1330 4484 llenrici
1359 4423 1434 4485 serti
1455 4423 1607 4486 tricesimo
1629 4427 1773 4503 septimo,
1801 4431 1894 4487 totum
1916 4425 1963 4488 ius
1985 4439 2089 4501 suum,
2112 4431 2231 4498 strtum,

406 4541 543 4618 titulum,
574 4541 738 4617 clameum,
766 4537 948 4602 demendum
979 4546 1007 4601 ct
1033 4541 1189 4616 interesse,
1219 4548 1280 4603 tam
1309 4538 1346 4602 de
1372 4548 1401 4603 et
1430 4543 1460 4603 in
1489 4542 1628 4606 omnibus
1650 4543 1762 4607 eisdem
1784 4544 1873 4606 terris
1895 4551 1925 4606 et
1946 4547 2135 4621 tenementis,
2162 4557 2229 4606 cum

405 4659 552 4736 wharuis,
575 4657 724 4735 domibus,
747 4658 963 4735 mansionibus,
986 4657 1102 4739 sbopis,
1124 4656 1252 4735 eclam'is,
1274 4658 1396 4721 solariis
1419 4667 1448 4722 et
1470 4661 1609 4724 omnibus
1631 4661 1699 4724 aliis
1722 4677 1825 4726 eorum
1848 4662 1964 4726 iuribus
1983 4669 2013 4724 ct
2034 4661 2230 4741 pertinentiis,

407 4793 497 4856 quum
520 4781 550 4838 in
579 4777 719 4840 omnibus
749 4777 836 4840 bonis
865 4785 894 4839 et
921 4777 1039 4841 catallis
1067 4777 1257 4854 memoratis,
1287 4794 1403 4840 necnon
1432 4781 1462 4840 in
1489 4780 1629 4844 omnibus
1655 4788 1685 4842 et
1713 4780 1839 4862 singulis
1866 4795 2015 4843 annorum
2040 4779 2175 4843 terminis
2200 4780 2230 4842 in

406 4896 644 4976 quibuscumque
661 4896 748 4958 terris
764 4903 793 4957 et
810 4899 992 4975 tenementis,
1014 4913 1072 4976 qne
1089 4897 1153 4976 ipse
1165 4893 1348 4959 Williclmns
1362 4894 1516 4960 Abrabam
1535 4907 1564 4962 et
1579 4915 1636 4982 ego
1648 4898 1750 4963 dictus
1763 4896 1946 4962 Willielmus
1962 4897 2093 4964 Stallord
2116 4899 2231 4978 aliqua·

405 5017 475 5078 liter
495 4997 666 5092 babuimus,
693 5015 810 5077 ratione
832 5013 959 5077 alicuius
982 5015 1196 5094 concessionis,
1219 5013 1395 5078 donacionis
1416 5033 1469 5079 seu
1493 5017 1735 5082 confirmacionis
1757 5030 1813 5096 per
1833 5018 2041 5097 supradictum
2061 5017 2229 5082 iohannem

404 5131 590 5216 lleynewell‚
613 5131 701 5195 nobis
724 5139 752 5194 et
772 5132 851 5210 aliis,
875 5139 907 5195 nt
924 5133 1085 5214 prefertur,
1110 5133 1257 5198 damnetis
1279 5133 1645 5216 qualitercumqueiacte,
1669 5136 1741 5201 milri
1764 5135 1882 5217 prelato
1897 5134 2229 5213 willielmo-stafford,

403 5253 564 5317 heredibus
587 5259 615 5314 ct
638 5251 798 5332 assignatis
820 5253 904 5330 meis,
927 5255 1042 5316 remisit
1063 5261 1091 5318 et
1113 5254 1268 5318 relaxarit.
1312 5251 1350 5317 Et
1371 5270 1428 5338 ego
1451 5263 1560 5334 autem,
1583 5256 1661 5320 idem
1685 5256 1869 5321 Williclmus
1891 5253 2033 5335 Stadord,
2055 5255 2093 5321 de
2115 5254 2228 5320 eisdem
