4914 6254
376 561 432 642 το
1202 551 1388 651 (neore)

374 846 495 928 genitor
516 851 629 918 noster,
652 845 730 906 inter
751 848 867 906 ceteras
890 841 1045 906 libertates
1066 850 1096 906 et
1117 843 1314 922 pulsandas,
1338 857 1416 922 guas
1438 859 1494 922 per
1514 850 1631 908 cauam
1653 859 1758 922 suem,
1776 845 1810 922 ¹)
1845 859 1937 923 quem
1959 844 2216 923 confirmauimus

377 963 526 1028 concessit
545 959 783 1028 mercatoribus
806 958 999 1028 Alemoocie
1020 969 1051 1024 et
1078 961 1149 1024 aliis
1177 961 1397 1024 mercatoribus
1423 964 1589 1038 extraneis,
1623 979 1680 1041 pro
1710 963 1891 1042 quibusdam
1916 965 2159 1044 prestaeionibus
2188 974 2218 1030 et

376 1082 523 1146 custumis
545 1099 601 1161 per
621 1081 706 1161 ipsos
727 1089 930 1156 mercatores,
963 1079 1001 1144 de
1023 1080 1114 1144 rebus
1136 1089 1166 1144 et
1187 1081 1392 1144 mercimoniis
1414 1084 1496 1157 suis,
1530 1081 1628 1145 cidem
1657 1085 1845 1164 progenitori
1875 1091 1979 1148 nostro
2000 1091 2030 1148 et
2052 1083 2215 1150 herodibus

375 1203 438 1264 suis
461 1199 627 1276 soluendis,
650 1202 798 1264 concessit
821 1199 945 1276 eisdem,
969 1198 1050 1277 cuod
1072 1199 1132 1278 ipsi
1153 1199 1241 1264 saluo
1258 1207 1289 1262 et
1304 1216 1411 1264 secure
1427 1199 1484 1262 sub
1504 1200 1634 1264 tuicione
1648 1209 1679 1265 et
1692 1203 1883 1280 proteccione
1900 1209 2015 1280 nostra,
2038 1204 2070 1266 in
2088 1219 2214 1286 regnu!

376 1329 512 1384 noenum
536 1319 653 1401 anglie,
676 1325 705 1380 et
726 1319 906 1396 abicumque
928 1316 1009 1380 inira
1031 1325 1212 1398 potestatem
1234 1320 1331 1398 ipsius
1353 1320 1558 1400 progenitoris
1581 1323 1677 1384 nostri
1699 1321 1819 1384 veniant
1839 1335 1910 1384 cnm
1928 1321 2129 1386 mercandisis
2152 1325 2216 1386 suis

376 1440 627 1520 quibuscumque,
650 1437 688 1501 de
709 1439 859 1520 tnuragio,
882 1436 1027 1519 portagio
1049 1447 1079 1500 et
1101 1439 1233 1519 panagio
1255 1437 1343 1500 liberi
1365 1445 1394 1500 et
1415 1439 1526 1518 quieti3
1549 1447 1578 1502 et
1600 1439 1681 1518 guod
1704 1439 1789 1504 nulla
1811 1440 1945 1517 exaccio,
1967 1443 2051 1520 prisa
2075 1441 2121 1504 rel
2145 1457 2215 1519 pre·

377 1561 483 1636 ntroin,
507 1573 561 1620 seu
584 1556 705 1632 diario,
729 1557 889 1620 occasione
912 1559 994 1636 prise
1015 1555 1053 1618 de
1074 1556 1279 1620 mercimoniis
1302 1565 1331 1618 et
1353 1555 1560 1634 mercandisis,
1583 1573 1636 1622 seu
1658 1557 1727 1622 aliis
1749 1559 1838 1622 bonis
1859 1563 1934 1634 anis,
1956 1575 2012 1638 per
2033 1561 2217 1639 ipsumpro·

377 1679 546 1759 genitorem
569 1683 706 1740 nosuum
729 1674 776 1740 rel
797 1692 854 1753 per
875 1674 969 1738 alium
991 1691 1046 1738 scu
1068 1675 1145 1738 alios
1167 1691 1224 1754 pro
1247 1674 1350 1754 aliqua
1372 1677 1549 1740 necessitate
1572 1676 1618 1739 rel
1641 1693 1725 1753 casu,
1748 1686 1855 1742 contre
1873 1677 2055 1742 voluntatem
2080 1683 2216 1758 ipsorum

379 1804 581 1858 mercatorum
604 1793 687 1858 beret
708 1801 762 1858 aut
782 1793 847 1857 beri
868 1794 1102 1872 permitteretur,
1126 1794 1185 1856 nisi
1206 1796 1308 1856 statim
1330 1793 1432 1858 saluto
1454 1796 1569 1875 precio,
1592 1811 1650 1873 pro
1672 1811 1733 1874 qao
1756 1797 1815 1876 ipsi
1830 1804 2014 1860 mercatores
2026 1797 2096 1860 aliis
2113 1795 2218 1860 buius·

378 1914 461 1978 modi
484 1914 680 1977 mercimonia
703 1911 831 1976 rendere
852 1913 980 1991 possint,
1003 1912 1049 1975 rel
1073 1915 1117 1976 eis
1139 1912 1216 1976 alias
1238 1910 1405 1990 satisfacto,
1428 1917 1470 1976 ita
1492 1913 1573 1991 quod
1597 1921 1736 1991 reputent
1752 1932 1785 1978 se
1800 1922 1967 1992 contentos,
1990 1915 2111 1994 etqnod
2126 1931 2219 1995 super

378 2034 586 2109 mercimonia,
609 2032 816 2097 mercandisas
836 2047 890 2096 seu
912 2031 991 2094 bona
1013 2031 1162 2111 ipsorum,
1184 2047 1241 2111 per
1262 2035 1362 2109 ipsum
1385 2035 1612 2114 progenitorem
1635 2040 1770 2096 nostrum
1794 2033 1841 2096 rel
1863 2035 2017 2096 ramirum
2038 2050 2111 2098 suos
2133 2033 2218 2098 uulla

378 2154 571 2233 appreciacio
592 2167 645 2215 sen
668 2153 824 2215 minacia
845 2151 1062 2229 imponeretur,
1085 2168 1122 2214 ac
1143 2150 1283 2214 dominus
1301 2151 1347 2228 E,
1371 2169 1468 2231 nuper
1485 2169 1537 2216 rex
1550 2151 1668 2234 anglie,
1692 2153 1802 2216 tercius
1825 2161 1892 2232 post
1915 2161 2124 2231 conquestum,
2147 2169 2219 2232 prn-

378 2273 499 2355 genitor
520 2279 640 2348 noster,
669 2277 862 2352 porcariam
884 2270 1041 2348 suam,²)
1071 2286 1162 2348 quarn
1185 2269 1326 2332 similiter
1346 2269 1610 2345 confirmandum,
1642 2275 1826 2336 concesserit
1858 2287 1916 2349 pro
1942 2289 1975 2334 se
2003 2279 2034 2335 et
2055 2270 2217 2336 heredibus

377 2393 441 2455 suis
471 2391 597 2471 prelatis
618 2387 854 2456 mercatoribus
876 2386 1085 2469 Aleotaom'e,
1121 2388 1182 2451 illis
1214 2387 1367 2464 videlicet,
1400 2392 1452 2468 oni
1479 2388 1591 2452 babent
1621 2389 1744 2453 domum
1773 2393 1803 2453 in
1831 2393 1955 2454 ciuitate
1982 2389 2135 2468 london,
2158 2407 2218 2468 que

382 2508 573 2576 Gildobcllo
600 2507 872 2574 Tbeutam'comem
894 2505 1060 2588 vulgariter
1082 2515 1291 2586 nuncupatur,
1324 2507 1407 2586 quod
1430 2509 1487 2587 ipsi
1509 2516 1539 2570 et
1561 2523 1666 2570 corum
1688 2524 1879 2572 successores
1902 2511 2034 2572 rniuersi
2056 2517 2086 2572 et
2107 2509 2218 2590 singuli

379 2629 504 2692 domum
526 2627 695 2706 predictam
725 2635 833 2690 extunc
860 2624 1064 2688 inhabitantes
1100 2629 1131 2688 in
1153 2627 1293 2690 omnibus
1315 2625 1375 2690 biis
1396 2626 1587 2690 libertatibus
1609 2633 1637 2689 et
1660 2626 1763 2690 liberis
1785 2628 2069 2704 consuetudinibus,
2107 2628 2218 2708 quibus

381 2750 426 2810 rsi
449 2745 569 2810 luerunt
590 2755 620 2808 et
641 2747 753 2828 ganisi,
776 2751 1045 2808 manutenerentur
1066 2749 1288 2826 imperpetuum
1312 2754 1341 2810 et
1363 2754 1576 2822 semarentur3
1600 2755 1629 2808 et
1651 2747 1732 2824 quod
1754 2749 1839 2827 ipsos
1860 2755 2045 2810 mercatores
2066 2745 2219 2810 exueba-

381 2867 512 2930 iusmodi
535 2865 688 2928 libertates
710 2873 740 2928 et
763 2864 874 2928 liberas
896 2863 1129 2928 consuetudines
1151 2882 1211 2928 non
1234 2864 1382 2942 traheret,
1414 2881 1483 2941 nec,
1513 2873 1658 2943 quantum
1681 2866 1801 2945 inipso
1823 2865 1924 2943 luerit,
1948 2865 2121 2945 aliqualiter
2142 2865 2219 2930 trebi

381 2987 566 3065 permitteret
573 3004 583 3062 3
607 2993 636 3048 et
657 2985 739 3064 qnod
761 2983 888 3062 predicti
910 2992 1094 3048 mercatores
1105 2983 1283 3047 Alamannia
1304 2993 1334 3046 et
1356 3000 1461 3046 eorum
1484 3001 1685 3061 successores,
1708 2984 1875 3062 predictam
1898 2985 2021 3048 domum
2044 2994 2155 3048 extunc
2174 2987 2220 3048 in·

381 3103 564 3180 habitaturi,
601 3109 823 3182 imperpetuum
846 3101 925 3167 inira
948 3119 1074 3186 regnum
1097 3111 1126 3164 et
1148 3109 1326 3182 potestatem
1349 3104 1444 3182 ipsius
1467 3104 1671 3185 progenitoris
1693 3105 1787 3168 nostri
1810 3104 1866 3168 bas
1887 3103 2033 3168 baberent
2055 3104 2219 3180 libertates,

382 3223 539 3300 videlicet,
562 3223 643 3302 quod
666 3224 725 3302 ipsi
747 3229 800 3286 aut
821 3238 925 3284 eorum
949 3223 1030 3285 bona
1052 3221 1098 3284 vel
1121 3222 1327 3298 mercimonia,
1349 3219 1427 3284 inira
1451 3221 1530 3284 idem
1554 3238 1680 3303 regnum
1702 3231 1731 3285 et
1753 3231 1943 3303 potestatem,
1966 3239 2022 3303 pro
2045 3223 2148 3303 aliquo
2168 3223 2220 3286 de-

381 3343 464 3419 licto,
487 3359 544 3424 pro
566 3359 626 3421 quo
649 3341 842 3405 bdeitrssores
864 3349 916 3404 aut
938 3341 1122 3421 principales
1144 3340 1297 3404 debitores
1319 3357 1379 3402 nan
1402 3341 1581 3417 emanent,
1605 3358 1659 3404 nec
1682 3357 1738 3422 pro
1761 3341 1864 3420 aliqua
1887 3343 2130 3424 transgressione
2151 3351 2221 3405 tnnc

380 3461 460 3526 lecta
482 3479 537 3525 seu
558 3471 667 3524 extunc
690 3460 838 3538 iacienda,
862 3477 918 3540 per
939 3459 1017 3522 alios
1039 3456 1130 3538 quam
1153 3477 1208 3538 per
1231 3463 1314 3538 ipsos
1336 3475 1396 3522 non
1414 3467 1637 3522 amentarentur
1653 3477 1708 3522 nec
1727 3467 1938 3542 grauarentur,
1960 3467 2052 3541 prout
2071 3461 2102 3524 in
2124 3461 2215 3524 cartis

381 3591 411 3644 et
432 3581 711 3645 confirmationibus
741 3579 884 3659 predictis
912 3579 1033 3656 plenius
1060 3581 1245 3642 continetur:
1281 3578 1365 3640 vobis
1391 3579 1593 3657 precipimus,
1619 3577 1753 3665 ⁸tirmiter
1780 3581 1988 3661 iniungentes,
2021 3580 2103 3659 qaod
2136 3583 2220 3659 ipsos

383 3709 566 3762 mercatores
590 3699 764 3762 alemannie
788 3695 979 3760 libertatibus
1001 3703 1030 3759 et
1051 3698 1229 3774 quietancils
1252 3696 1411 3775 predictis,
1438 3704 1469 3759 et
1490 3712 1594 3760 earum
1617 3697 1766 3776 qualibet,
1802 3715 1905 3760 cororn
1928 3699 2016 3762 robis
2037 3705 2066 3761 et
2089 3705 2220 3762 vestrum

382 3817 518 3894 quotibet
535 3819 573 3878 vti
596 3826 625 3878 et
641 3816 776 3898 gaudere
793 3816 983 3895 permittatis,
1002 3817 1084 3877 iaxta
1103 3822 1239 3879 tenorem
1256 3822 1409 3879 cartarum
1427 3823 1458 3878 et
1473 3815 1741 3878 contlrmacionum
1757 3816 1975 3896 predictarum,
1995 3825 2024 3878 et
2039 3824 2130 3896 prout
2147 3817 2222 3894 ipsis

383 3939 424 3997 rti
447 3942 476 3996 et
492 3934 625 4016 gaudere
641 3934 760 4010 debent,
783 3935 901 4013 ipsique
916 3941 946 3996 et
963 3933 1193 4011 predecessores
1215 3936 1262 3996 sui
1279 3933 1452 3996 huiusmodi
1468 3932 1659 3996 libertatibus
1681 3942 1710 3995 et
1726 3935 1905 4012 commotis
1920 3945 1950 3998 et
1969 3951 2074 3998 earum
2089 3934 2222 4013 qualibet

383 4071 401 4116 a
425 4061 560 4131 tempore
582 4050 777 4114 confectionis
799 4060 952 4114 cartarum
976 4060 1005 4113 et
1026 4051 1288 4114 confirmationum
1310 4049 1515 4130 predictarum
1533 4051 1688 4128 bucusque
1710 4053 1754 4113 vsi
1783 4059 1853 4114 sunt
1874 4060 1904 4114 et
1925 4053 2034 4134 ganisi.
2067 4051 2157 4116 Teste
2175 4069 2221 4114 me

383 4175 461 4251 ipso,
484 4171 565 4250 apud
589 4168 903 4246 westmonasterium,
925 4169 989 4232 llll.
1011 4169 1060 4234 die
1083 4169 1248 4244 Februarii,
1272 4185 1351 4230 anno
1375 4171 1461 4251 regni
1484 4171 1580 4232 nostri
1602 4171 1743 4232 vicesimo
1766 4178 1886 4248 quarto.
1973 4169 2136 4254 Siurgeon.

382 4393 676 4478 LXXXVIII.
728 4395 964 4498 Geneapoies
985 4395 1057 4475 des
1076 4394 1315 4474 Gec'etlicbeo
1330 4391 1375 4472 R.
1399 4389 1576 4497 lloysmrl
1593 4394 1688 4474 itbor
1705 4397 1769 4474 die
1783 4393 1867 4474 rate
1885 4395 1956 4473 des
1978 4393 2043 4476 tt.
2058 4395 2222 4476 Forrera

472 4551 554 4630 aad
583 4551 656 4629 dor
685 4547 882 4628 Alduocio
910 4549 992 4628 uod
1023 4548 1143 4627 deren
1174 4571 1226 4624 ore
1255 4545 1301 4623 tt.
1332 4546 1540 4625 Bolselarcd
1568 4547 1810 4651 pesobeberee
1847 4530 2135 4650 Uebertragcmp

836 4707 944 4782 eicos
974 4701 1138 4780 Plataea
1169 4724 1221 4778 oo
1252 4698 1322 4778 der
1359 4697 1528 4779 litoroso.
1592 4697 1771 4802 (111471)

537 4883 578 4946 Be
599 4885 643 4946 bit
667 4887 777 4946 known
802 4893 832 4946 to
855 4883 897 4946 all
919 4892 999 4947 trwe
1020 4884 1135 4962 cristyn
1158 4881 1253 4960 popul
1282 4881 1345 4943 tbat
1361 4879 1389 4957 l,
1411 4879 1535 4963 liogger
1552 4879 1716 4962 Twylcrd‚
1750 4879 1879 4944 bratbnr
1901 4879 1936 4942 ol
1954 4877 2058 4960 syon,
2075 4881 2112 4958 ³)
2140 4897 2222 4945 sura·

386 5011 466 5081 tyme
488 5015 602 5077 parsun
625 5000 661 5064 oi
677 5001 841 5064 Albalwun
863 4995 949 5090 “llll
973 4998 1097 5081 myobyl
1121 5001 1151 5062 in
1174 4997 1313 5074 lundon,
1336 4998 1415 5061 haue
1436 4998 1516 5080 good
1542 4999 1767 5062 remembrance
1789 4997 1850 5060 and
1872 4997 1992 5078 mynde,
2015 4996 2222 5062 tbathomas

392 5135 699 5150 ffl—

544 5219 567 5286 ¹)
597 5219 663 5268 vom
682 5219 760 5270 taire
781 5217 855 5282 1311,
875 5219 1019 5269 December
1038 5217 1061 5270 i.
1235 5217 1261 5282 ²)
1290 5218 1355 5268 Vnm
1375 5216 1454 5268 lehre
1475 5215 1547 5282 1351,
1565 5216 1685 5269 tuntas.
1864 5218 1889 5282 ³)
1919 5218 1997 5282 Spon.
2033 5217 2070 5270 So
2089 5219 2161 5271 triess
2181 5221 2222 5270 ein
