4998 6256
915 612 922 626 ·
970 589 1086 685 141³,
1106 589 1288 664 November
1313 585 1373 660 28.
2036 591 2089 676 41

116 911 119 918 ·
259 883 369 948 betam
390 882 532 961 London,
566 882 708 946 uicesimo
735 877 786 944 dle
812 880 925 943 mensis
951 875 1152 955 Nouembris,
1183 887 1264 956 cuno
1290 876 1376 958 regni
1410 876 1492 958 regis
1524 873 1645 942 liceret
1672 879 1771 958 quinti
1798 885 1868 960 post
1895 880 2098 960 denqicstum'

257 1001 368 1086 dnglic
386 1003 499 1082 primo.

260 1226 379 1310 nix.
417 1229 498 1309 Der
526 1225 738 1307 Geiailiobe
761 1225 798 1304 J.
820 1223 1044 1327 dtebupioo
1070 1223 1257 1328 besibliqi
1283 1223 1358 1302 doe
1381 1247 1507 1326 portae
1534 1221 1782 1304 Gmtodoiitols
1804 1225 1886 1304 uod
1910 1226 1986 1306 deo
2009 1171 2094 1329 [ιαμ

287 1389 328 1462 io
355 1375 523 1486 unqos
545 1374 666 1480 boue,
697 1376 864 1458 toclcbes
892 1377 1048 1470 vordero
1071 1375 1108 1456 J.
1133 1371 1266 1481 Siciqb
1291 1376 1488 1478 besesseo,
1522 1374 1609 1456 dom
1633 1373 1810 1457 Rioboccl
1836 1375 2062 1484 Gurolense,

461 1528 649 1633 Bisobofo
671 1555 745 1611 ooo
765 1527 953 1632 Norsoiob,
984 1527 1066 1610 uod
1088 1528 1217 1633 lloqor
1241 1527 1379 1608 becbe.
1441 1527 1556 1630 1413,
1587 1527 1798 1610 November
1820 1529 1894 1610 28.‘

413 1711 573 1791 Omnibus,
596 1712 635 1776 ad
658 1727 735 1791 quos
755 1728 882 1793 presens
903 1711 1050 1792 scriptum
1072 1709 1255 1790 peruenerit,
1278 1709 1430 1774 lohannes
1453 1709 1643 1792 lkelyngton,
1667 1710 1806 1790 clericus,
1828 1711 1957 1777 salutem
1979 1715 2011 1776 in
2033 1712 2092 1777 llo·

259 1835 343 1898 mino
364 1835 589 1914 sempiternom.
633 1827 711 1896 Cum
732 1825 1077 1907 bicardnsctrcddcste,
1099 1827 1229 1893 clericus
1250 1826 1427 1909 (wdrtlicb
1448 1828 1510 1895 wic
1531 1827 1568 1894 io
1583 1825 1646 1895 No.
1671 1824 1725 1894 nt
1729 1827 1762 1895 V.
1785 1848 1860 1896 oom
1871 1829 2091 1914 dobreielii,

259 1949 441 2020 November
462 1948 532 2032 24,
557 1947 608 2015 bis
616 1948 636 2030 )
656 1957 748 2028 prout
768 1949 800 2011 in
823 1947 929 2012 eodem
951 1949 1065 2030 scripto
1086 1945 1206 2028 plenius
1228 1947 1339 2026 liquet,
1368 1947 1450 2026 quod
1473 1947 1596 2028 quidem
1617 1949 1765 2028 scripbtm
1788 1949 1900 2014 lectum
1920 1949 1979 2014 brit
2000 1959 2030 2015 et
2050 1954 2093 2014 ir-

258 2072 423 2136 rotulatum
445 2071 475 2134 in
497 2069 648 2150 hastengo
685 2065 696 2151 ll
733 2063 858 2132 London
879 2067 920 2132 de
940 2067 1151 2131 communibus
1172 2066 1293 2146 plocitis
1315 2074 1397 2130 tento
1419 2063 1573 2147 diejlune
1594 2070 1733 2146 proxime
1755 2076 1825 2146 post
1853 2067 1964 2136 iustum
1993 2073 2093 2134 suncti

258 2189 429 2267 wulstani,
458 2189 611 2268 episcopi,
645 2201 727 2251 auno
755 2185 840 2280 regni
864 2185 995 2264 predicti
1023 2187 1105 2268 regis
1132 2183 1253 2248 Henrici
1281 2186 1456 2266 undecimo,
1486 2186 1762 2266 subsequenterque
1792 2187 1919 2267 predicti
1945 2187 2093 2252 llicardus

257 2307 353 2387 Rani,
370 2305 781 2389 Willelmusllyggyngeset
807 2301 819 2385 ΙΙ
844 2303 998 2370 iohannes
1010 2303 1211 2369 Morietstsde
1221 2321 1277 2386 per
1288 2311 1402 2368 cartam
1414 2320 1512 2382 suam,
1524 2304 1627 2368 datam
1638 2302 1762 2369 London
1775 2321 1855 2370 anno
1866 2307 1955 2390 regni
1963 2285 2094 2388 predicti

257 2429 341 2510 regis
362 2426 485 2490 ilenrmi
512 2425 741 2504 terciodecimo,
774 2423 936 2502 dederant,
971 2431 1182 2489 concesserant
1208 2423 1370 2488 eteoclem
1399 2432 1482 2488 corto
1509 2440 1565 2488 sua
1587 2423 1841 2488 coniirrnaoerant
1863 2425 1954 2490 miehi
1976 2426 2097 2506 preloto

256 2545 591 2627 lobanuilkelyogton,
613 2544 736 2621 clerico,
758 2550 787 2608 ct
808 2543 929 2628 Hngoni
950 2544 1125 2625 biortymer,
1148 2546 1312 2626 crucigero,
1333 2543 1448 2608 dictum
1470 2549 1670 2608 tenementum
1693 2560 1761 2606 cum
1783 2545 1864 2626 layo
1886 2544 2041 2610 adiacente
2062 2549 2094 2609 in

189 2732 192 2738 ,
258 2667 381 2728 ciuitate
401 2663 527 2727 London
557 2671 586 2727 et
609 2679 676 2726 curn
699 2663 768 2726 aliis
790 2661 1073 2740 commoditatibus,
1107 2663 1290 2727 aisiamentis
1321 2671 1351 2726 et
1377 2662 1566 2742 pertinentiis
1587 2661 1732 2743 predictis
1761 2669 1931 2727 tenemento
1958 2665 2093 2746 etiayn

258 2783 517 2864 qualitercumque
527 2781 746 2864 pertinentibus
757 2779 929 2846 babendum
938 2789 967 2844 et
978 2781 1138 2847 tenendum
1150 2780 1319 2863 predictum
1331 2781 1697 2862 tenementumcnmlroyo
1708 2790 1738 2846 ct
1748 2783 1856 2846 ceteris
1867 2785 1931 2846 suis
1939 2784 2094 2862 pertinen·

258 2903 352 2982 tibus,
383 2911 413 2966 vt
434 2901 603 2982 predictum
625 2907 681 2978 est,
703 2900 795 2964 micbi
816 2899 936 2980 pretato
956 2900 1088 2964 iohanni
1109 2901 1288 2983 llelyngton
1310 2908 1340 2963 et
1361 2899 1499 2978 predicto
1521 2899 1659 2983 diagoni,
1689 2899 1851 2966 heredibus
1880 2910 1909 2965 et
1930 2903 2093 2985 assignatis

257 3023 381 3100 nostris,
404 3021 442 3086 de
464 3021 645 3100 capitalibus
665 3020 798 3086 dominis
820 3019 902 3084 ieodl
921 3021 1004 3084 illius
1026 3036 1083 3100 per
1103 3021 1233 3086 seruicia
1254 3018 1325 3083 inde
1346 3019 1446 3083 debita
1469 3027 1500 3082 et
1526 3018 1565 3082 de
1592 3021 1658 3082 iure
1681 3027 1825 3084 consueta
1850 3021 2093 3102 imperpetuum

259 3149 288 3203 et
313 3148 419 3221 postea
446 3140 601 3221 predictus
622 3139 712 3223 llogo
733 3139 901 3222 Mortymor
921 3155 978 3220 per
1005 3143 1153 3220 scripturn
1183 3155 1271 3206 suum
1298 3138 1403 3204 dotum
1430 3137 1574 3216 Loudon,
1601 3137 1804 3203 sextodecimo
1832 3139 1882 3204 die
1903 3139 2094 3217 Nouembris,

259 3273 340 3322 enno
362 3260 450 3340 regni
471 3260 552 3340 regis
572 3257 694 3322 Hendci
716 3260 814 3337 quinti
835 3261 951 3338 primo,
978 3260 1058 3322 inter
1084 3260 1144 3323 alia
1172 3261 1322 3323 remiserit
1349 3267 1379 3322 et
1405 3257 1589 3323 relaxauerit
1615 3257 1707 3322 micbi
1737 3259 1856 3339 prelato
1876 3257 2008 3324 iohanni
2029 3258 2095 3322 lke-

259 3376 405 3459 lyngton‚
428 3375 590 3440 heredibus
611 3384 641 3439 et
662 3377 824 3458 assignetis
846 3378 936 3454 meis,
960 3378 1181 3457 imperpetuum
1204 3383 1299 3439 toturn
1321 3377 1369 3439 ius
1391 3385 1421 3438 et
1442 3377 1607 3453 clomeum,
1629 3375 1710 3457 quod
1733 3377 1839 3440 babuit
1859 3378 1891 3439 in
1913 3376 1992 3440 dicto
2014 3384 2096 3440 tene-

259 3503 378 3573 mento,
401 3496 530 3573 solario,
563 3495 677 3559 celcrio
704 3501 734 3558 et
755 3495 835 3575 layo
856 3493 1022 3572 ediscenti,
1059 3507 1129 3558 cum
1156 3495 1298 3559 omnibus
1326 3495 1391 3558 suis
1418 3494 1606 3574 pertinentiis
1635 3496 1752 3560 situatis
1782 3497 1812 3558 in
1835 3494 1960 3560 Venella
1989 3504 2096 3558 rocota

257 3613 522 3697 Wyndegoslane‚
560 3615 592 3678 in
619 3612 767 3695 parocbia
795 3614 930 3677 omnium
956 3611 1137 3678 Sanctorum
1166 3613 1204 3677 ed
1233 3612 1335 3676 lenum
1364 3611 1505 3690 london,
1543 3611 1624 3690 qnod
1648 3613 1769 3692 quidem
1797 3621 1998 3678 tenementum
2025 3601 2094 3678 cnm

257 3733 389 3810 solario,
419 3731 532 3796 celario
553 3739 584 3796 et
604 3731 687 3813 layo
716 3731 866 3796 ediscenti
893 3748 962 3795 cum
988 3732 1130 3796 omnibus
1159 3733 1222 3796 suis
1249 3732 1439 3813 pertinentiis
1470 3728 1624 3809 quondum
1652 3729 1774 3796 inerunt
1800 3733 1927 3812 predicti
1949 3732 2095 3796 lobannis

257 3849 381 3934 Sleigb,
420 3853 580 3934 armigeri,
618 3858 711 3930 prout
749 3854 780 3914 in
821 3849 928 3914 eodem
966 3853 1082 3930 scripto
1114 3852 1234 3930 plenius
1273 3857 1416 3930 apparet:
1458 3852 1605 3914 noueritis
1647 3867 1695 3914 rnc
1734 3851 1887 3931 prelatum
1925 3852 2094 3916 iohannem

256 3970 435 4053 llelyngton
465 3969 601 4056 dedisse,
635 3970 824 4034 concessisse
844 3977 875 4032 et
894 3968 952 4032 bac
974 3971 1108 4048 presenti
1136 3978 1219 4033 cerm
1243 3983 1310 4034 mea
1336 3967 1533 4034 confirmasse
1560 3969 1728 4034 reuerendo
1757 3974 1788 4034 in
1811 3969 1933 4035 Cbristo
1962 3973 2043 4051 patri
2065 3980 2095 4034 et

261 4087 395 4167 domino,
412 4087 535 4152 domino
553 4087 684 4152 Ricardo
702 4085 885 4169 Courtcuey,
904 4087 1103 4170 Norwyoeusi
1119 4089 1274 4168 episcopo,
1291 4096 1320 4151 et
1337 4086 1457 4170 liugero
1473 4086 1582 4164 Leobc,
1599 4085 1697 4166 militi,
1716 4096 1810 4152 totum
1829 4088 1998 4170 predictum
2014 4095 2093 4154 tene·

257 4215 392 4270 mentum
415 4223 484 4270 cnm
505 4205 588 4286 layo
610 4206 767 4270 cdiocente
788 4207 820 4270 in
842 4207 963 4271 ciuitate
984 4205 1109 4271 Londou
1131 4224 1168 4270 ao
1190 4222 1258 4270 cum
1280 4207 1422 4270 omnibus
1448 4203 1517 4270 aliis
1546 4206 1826 4286 commoditatibus,
1860 4209 2044 4272 aisiamentis
2067 4217 2096 4271 et

184 4371 186 4379 ι
257 4323 447 4406 pertinentiis
469 4323 613 4404 predictis
634 4331 803 4390 tenemento
825 4333 855 4390 et
877 4326 957 4406 layo
973 4324 1235 4404 qualitercumque
1256 4325 1486 4405 pertinentibus,
1508 4324 1681 4390 babendum
1697 4334 1727 4388 ct
1747 4323 1908 4389 tenendum
1925 4325 2094 4405 predictum

257 4449 460 4507 tenementum
483 4457 551 4504 curn
574 4442 655 4522 layo
676 4451 707 4505 et
727 4443 835 4507 ceteris
856 4443 998 4508 omnibus
1019 4443 1083 4508 suis
1104 4441 1303 4522 pertinentiis,
1325 4450 1356 4506 rt
1376 4443 1547 4522 predictum
1568 4451 1631 4521 est,
1665 4441 1791 4524 preiotis
1818 4441 1942 4507 domino
1964 4442 2095 4508 Ricardo

258 4563 404 4640 episcopo
428 4569 457 4624 ct
478 4559 599 4643 liugero
621 4559 729 4638 becbe,
752 4559 914 4626 heredibus
936 4570 966 4624 et
987 4562 1148 4644 assignatis
1170 4561 1250 4639 suis,
1280 4561 1318 4626 de
1339 4563 1520 4643 capitalibus
1548 4561 1679 4626 dominis
1701 4558 1782 4624 leodi
1804 4561 1857 4624 ille
1885 4578 1940 4642 per
1966 4564 2094 4626 seruicia

256 4679 327 4744 inde
348 4679 448 4743 debito
471 4685 501 4742 et
522 4677 561 4742 de
582 4682 648 4742 iure
670 4687 814 4742 consueta
836 4681 867 4744 in
889 4686 1082 4759 perpetuum.
1126 4677 1164 4742 lit
1185 4695 1243 4762 ego
1264 4679 1419 4759 predictus
1440 4681 1594 4745 lohannes
1616 4677 1796 4760 llrelyngton
1824 4687 1853 4743 et
1880 4679 2007 4744 heredes
2036 4685 2095 4745 mei

257 4807 354 4864 toturn
375 4797 545 4879 predictum
567 4805 771 4861 tenementum
794 4813 863 4862 cum
893 4799 973 4880 layo
1000 4797 1156 4862 adiacente
1185 4806 1215 4860 et
1243 4799 1384 4864 omnibus
1410 4799 1479 4863 eliis
1506 4800 1570 4864 suis
1596 4797 1785 4878 pertinentiis
1814 4797 1998 4878 supradietis
2024 4818 2095 4881 pre·

255 4916 328 4981 iotis
350 4916 473 4981 domino
494 4915 625 4981 Ricardo
646 4916 792 4997 episcopo
814 4925 844 4980 et
864 4916 986 5000 llogcro
1006 4915 1116 4995 Lecbe,
1138 4915 1300 4982 heredibus
1322 4925 1352 4981 et
1373 4919 1537 4998 assignatis
1558 4917 1632 4993 suis,
1655 4924 1761 4979 contra
1783 4933 1889 4982 omues
1911 4927 2015 5001 gentes
2030 4937 2095 4984 wa-

258 5036 476 5100 rantizabimus
503 5044 533 5100 et
553 5034 751 5101 defendemus
780 5037 1014 5116 inperpetuum.
1066 5035 1099 5099 ln
1121 5037 1207 5100 cuius
1229 5037 1274 5100 rei
1297 5037 1500 5101 testimonium
1522 5034 1592 5098 buic
1613 5035 1746 5115 presenti
1767 5043 1850 5100 certe
1871 5053 1938 5102 mee
1959 5038 2095 5122 sigillum

258 5169 359 5218 meum
381 5155 521 5234 apposni,
547 5155 701 5221 willelmo
717 5152 903 5232 Crowmcre
926 5163 998 5218 tunc
1020 5156 1136 5220 maiore
1157 5155 1288 5220 ciuitatis
1310 5153 1457 5232 london,
1479 5153 1615 5218 lobanne
1630 5148 1739 5220 Sutton
1760 5163 1791 5219 et
1810 5154 1948 5221 Jobanne
1963 5156 2094 5236 dioboli,

257 5279 329 5338 utne
361 5274 585 5340 vicecomitibus
618 5275 696 5340 dicte
729 5277 876 5354 ciuitatis,
908 5273 1057 5342 llicbolco
1085 5271 1227 5353 woden,
1268 5282 1339 5340 tunc
1371 5273 1562 5341 illiuswarde
1594 5273 1804 5340 aldermanno.
1854 5273 1918 5341 iliis
1951 5277 2092 5342 testibcu:

325 5423 488 5490 Abtbellung
502 5425 536 5478 ll.
1874 5423 1892 5480 b
