4914 6254
1007 581 1116 676 tote,
1141 583 1204 654 unt
1231 581 1289 654 te
1394 571 1396 576 ’
1462 659 1464 664 .
2006 589 2064 670 go

236 873 393 964 qmdietis,
426 880 456 935 et
476 887 536 950 que
559 879 638 934 terre
659 877 690 932 et
711 885 769 948 que
791 877 957 934 tenemento
979 867 1092 935 eisdem
1106 867 1275 950 veruntque
1297 867 1416 934 Boteier
1435 875 1468 932 et
1486 867 1616 934 dobanm
1638 867 1740 936 {mode
1768 869 1849 936 ultra
1869 871 2062 938 donationem

236 1001 265 1057 et
287 993 522 1076 assignationem
544 987 695 1070 predictas
717 996 901 1064 remaneant,
924 995 953 1052 et
974 989 1023 1052 rbi
1046 997 1075 1052 et
1096 989 1134 1052 de
1154 1001 1217 1067 quo
1237 988 1285 1054 rei
1306 987 1345 1054 de
1366 988 1475 1066 quibes
1497 995 1664 1067 teneantur,
1687 998 1718 1054 et
1731 1007 1790 1072 qen
1805 991 1888 1070 quod
1901 994 2063 1058 seminium

236 1122 264 1176 et
286 1111 416 1190 qualiter
436 1118 466 1173 et
486 1107 638 1190 qnomndn
661 1117 690 1172 nt
712 1115 857 1187 quantum
879 1107 999 1172 valeam
1019 1121 1090 1186 per·
1103 1123 1218 1173 anuum
1239 1107 1278 1172 in
1296 1107 1434 1175 omnibus
1459 1107 1607 1183 exitibus,
1637 1117 1668 1172 et
1694 1109 1721 1173 si
1741 1118 1823 1176 terre
1845 1120 1875 1175 et
1895 1120 2064 1178 momenta

234 1230 347 1295 eisdem
373 1227 535 1310 iioduiqbn
562 1225 682 1290 boteler
708 1235 737 1290 et
761 1226 893 1290 iohanni
921 1223 1023 1291 Hende
1050 1195 1128 1290 niba
1156 1225 1347 1292 donationem
1376 1235 1405 1290 et
1431 1226 1667 1308 assignationem
1696 1229 1849 1308 predictas
1877 1233 2063 1296 remanentia

235 1349 385 1417 suideiant
405 1347 443 1412 ad
467 1347 700 1411 eonsuetudines
718 1353 749 1410 et
774 1346 919 1422 sertrioia,
948 1353 1014 1412 tam
1037 1344 1074 1409 de
1102 1345 1246 1426 predictis
1273 1346 1431 1430 mesuagio
1457 1347 1521 1410 siue
1549 1355 1720 1412 tenemento
1746 1357 1776 1412 et
1803 1349 1874 1412 tete
1901 1353 1947 1414 sie
1973 1348 2062 1427 datis,

234 1487 325 1550 quum
347 1467 385 1530 de
404 1466 474 1530 aliis
496 1466 584 1530 terris
605 1473 636 1530 et
657 1465 831 1530 tenementis
853 1465 911 1529 sibi
933 1465 1065 1542 retentis,
1086 1463 1187 1529 debite
1207 1463 1357 1542 taeienda,
1379 1473 1408 1531 et
1429 1464 1467 1530 ad
1490 1467 1591 1532 omnia
1612 1465 1674 1530 etia
1696 1481 1808 1544 onera,
1830 1485 1890 1546 que
1911 1469 2060 1534 sustinue-

235 1597 304 1652 runt
325 1595 355 1652 et
375 1587 524 1650 sustinere
545 1592 781 1661 nonsueueruot,
802 1590 834 1648 ut
856 1585 886 1648 in
909 1585 1012 1661 sestis,
1036 1584 1166 1660 sisibm,
1189 1582 1401 1666 traneipiegis,
1424 1583 1560 1660 auxiliis,
1593 1582 1745 1668 tollagiis,
1779 1585 1906 1690 vigiliis,
1941 1588 2061 1666 deibus,
2132 1623 2138 1640 ι

234 1706 503 1785 redemptionibus,
525 1704 775 1779 rueretrueret,
798 1702 1069 1768 eentueuuonibns
1089 1710 1120 1766 et
1140 1701 1209 1766 eliis
1225 1703 1464 1782 quibuscumque
1476 1703 1619 1770 oneribus
1632 1705 1856 1786 emergentibus
1870 1707 2063 1786 sustinenda3

236 1834 265 1889 et
284 1824 368 1903 quod
390 1823 480 1888 iidem
500 1822 678 1904 iisdoiphus
698 1820 818 1886 Boteier
840 1830 871 1885 et
890 1821 1043 1886 iohannes
1063 1819 1168 1887 Hende
1189 1822 1220 1884 in
1242 1823 1363 1900 assisis,
1391 1823 1499 1886 iuratis
1520 1831 1551 1886 et
1568 1822 1641 1924 ,²¹³ss
1662 1825 1919 1905 recognitionibus
1941 1827 2064 1908 quibus·

236 1959 364 2021 eumque
387 1943 459 2023 noni
479 1943 606 2020 possint,
629 1947 721 2020 prout
741 1947 812 2004 ante
833 1939 1025 2006 donationem
1048 1947 1078 2004 et
1105 1941 1340 2022 assignationem
1367 1941 1519 2022 medietas
1546 1945 1617 2022 noni
1644 1951 1877 2020 consueverunt,
1910 1949 1954 2012 ita
1980 1943 2063 2024 quod

235 2065 334 2142 petua
360 2060 628 2140 perdonationem
650 2067 680 2124 et
708 2059 942 2142 assignationem
969 2058 1038 2124 ilias
1065 2059 1096 2124 in
1133 2063 1269 2138 ipsorum
1292 2058 1443 2140 Raduipbi
1464 2058 1585 2126 Boteier
1606 2067 1636 2123 et
1657 2060 1802 2126 iohannis
1823 2059 1926 2129 Heode
1947 2062 2065 2130 deiectu
2153 2051 2189 2157 ‚¹
2301 2123 2312 2154 ,

235 2185 333 2263 magis
354 2179 444 2246 solito
464 2195 526 2243 non
548 2185 690 2244 oneretur
709 2195 772 2244 seu
786 2185 977 2260 grauaretnr.
1021 2176 1304 2256 quinqueremem
1333 2177 1403 2243 inde
1422 2177 1563 2246 distiume
1591 2187 1625 2242 et·
1650 2189 1753 2258 aperte
1781 2178 1891 2246 iaomm
1922 2182 2009 2247 uobis
2031 2187 2061 2247 io

233 2299 447 2364 eaneeiiariam
469 2304 603 2362 nostram
626 2299 682 2362 sub
705 2297 808 2380 sigilio
830 2305 881 2360 tuo
904 2305 933 2362 et
954 2295 1063 2380 sigiliis
1085 2311 1201 2372 eurum,
1223 2311 1279 2374 ner
1300 2313 1376 2376 quos
1398 2295 1477 2360 taeta
1500 2296 1600 2376 tuerit,
1623 2300 1688 2362 sine
1709 2298 1853 2366 ditatione
1875 2302 1986 2368 mittas.
2025 2301 2062 2368 Et

232 2421 288 2483 hee
311 2420 396 2483 iitere
418 2417 487 2482 date
508 2425 578 2482 sont
598 2415 679 2498 Rege
702 2415 784 2498 apud
805 2416 1119 2492 westmonasterium,
1141 2413 1220 2477 xtttt
1242 2415 1291 2480 die
1313 2415 1395 2494 Maii,
1418 2432 1497 2479 anno
1520 2419 1605 2500 regni
1628 2419 1676 2480 soi
1699 2419 1849 2482 tricesimo
1871 2429 1991 2498 quarto.

385 2537 529 2602 Exenutio
550 2535 763 2602 euim-breuis
782 2543 866 2615 patet
886 2536 918 2600 in
941 2535 1072 2616 widem
1094 2535 1298 2614 inquisitione,
1320 2534 1391 2602 bnio
1412 2534 1499 2608 iitere
1520 2543 1657 2614 uersuta.
1695 2582 1721 2614 ·.
1983 2539 1986 2546 '

383 2652 569 2743 Responsio
599 2651 756 2720 Wittdmt
777 2651 934 2737 Marones,
956 2651 1094 2720 maioris
1117 2663 1147 2718 et
1168 2651 1341 2751 eseuetnris
1366 2630 1530 2738 andom,
1602 2727 1606 2742 ¹

384 2775 540 2855 inquisitio
562 2781 651 2855 napta
673 2773 754 2854 apud
777 2770 969 2854 Guyhaidam
992 2774 1122 2837 ciuitatis
1143 2771 1316 2852 Lnndnnie,
1339 2747 1480 2837 situatam
1502 2778 1533 2837 in
1555 2774 1700 2855 parochia
1722 2777 1816 2840 saneti
1839 2775 2008 2856 Laurentii,
2032 2779 2062 2842 in

230 2905 327 2962 vetere
347 2895 503 2960 iudaismo
525 2893 673 2971 Londou,
696 2908 798 2956 eoram
821 2889 977 2956 Wiilelmo
1000 2889 1148 2970 biarowe,
1171 2891 1286 2955 maiore
1307 2891 1384 2955 dieta
1405 2893 1535 2956 ciuitatis
1558 2910 1593 2956 ae
1615 2901 1768 2957 eseaetore
1789 2894 1904 2960 domini
1926 2901 2007 2980 regis
2029 2899 2059 2960 iu

229 3016 336 3080 eadem
357 3017 494 3090 ciuitate,
528 3013 577 3081 die
599 3011 726 3078 Veneris
747 3012 887 3092 proxima
915 3019 984 3077 aute
1010 3009 1120 3076 imtum
1146 3012 1241 3080 saneti
1263 3009 1411 3076 Duustani
1437 3011 1589 3092 emenoni,
1617 3029 1697 3078 anuo
1725 3015 1812 3102 regni
1838 3015 1919 3100 regis
1941 3013 2062 3079 Henrioi

227 3135 307 3198 seru
327 3143 397 3212 nont
418 3141 615 3211 conquestum
638 3131 789 3198 tricesimo
812 3137 938 3210 quarto,
971 3132 1077 3196 rirtme
1098 3129 1255 3196 cuiusdam
1277 3131 1380 3197 breuis
1406 3129 1478 3197 dieti
1503 3130 1617 3197 domini
1645 3133 1742 3215 regis,
1772 3133 1869 3201 eidem
1885 3136 2006 3200 maiori
2031 3144 2062 3200 et

229 3253 378 3316 eseaetori
398 3250 512 3316 direote
534 3258 563 3314 et
591 3249 661 3314 huin
688 3250 874 3330 inquisitioni
903 3259 1045 3328 eonsute,
1072 3267 1129 3331 per
1146 3259 1371 3316 sacramentum
1393 3249 1510 3317 Thomu
1532 3249 1618 3328 Beie,
1645 3251 1768 3316 liuberti
1790 3249 1908 3334 Bryne,
1938 3253 2060 3318 tiobertt

230 3371 355 3453 Boyiet,
375 3367 522 3436 Edwardi
543 3368 667 3450 dyene,
688 3367 804 3432 Tbnme
824 3368 969 3444 Baxster,
990 3367 1135 3433 iohannis
1157 3367 1195 3432 de
1217 3368 1322 3446 boun,
1344 3367 1459 3435 Thome
1480 3367 1683 3450 Firaunoeys,
1704 3368 1852 3434 iohannis
1874 3369 2060 3456 Caryngtou,

228 3487 558 3567 dobauqiebesesbam,
580 3487 726 3552 iohannis
738 3485 865 3568 Ledyer,
887 3484 1037 3552 iidmuudi
1048 3484 1196 3562 Taiilour,
1217 3484 1363 3550 iohannis
1374 3485 1514 3553 Lewston
1537 3495 1567 3552 et
1582 3487 1706 3552 lioberti
1718 3485 1829 3552 Woiie.
1874 3487 1936 3570 Qui
1958 3490 2061 3558 dieunt

229 3625 322 3689 nuper
342 3615 566 3674 sacromentum
587 3621 687 3684 suunt,
710 3603 792 3700 quod
815 3621 874 3679 non
897 3613 942 3673 est
964 3603 1003 3671 ad
1025 3603 1191 3684 dampnum
1214 3621 1311 3686 neque
1332 3603 1532 3686 preiudioinm
1554 3606 1669 3670 domiui
1691 3607 2011 3688 regiseenatiernm,
2034 3613 2060 3674 si

228 3727 308 3792 idem
331 3727 470 3792 dominos
492 3743 545 3791 rex
566 3723 713 3798 eoueedat
733 3723 895 3804 Raduipbo
915 3721 1040 3792 ueutter
1067 3721 1104 3789 de
1126 3719 1256 3804 Sedetey
1284 3731 1312 3786 et
1332 3723 1464 3800 iohanni
1484 3721 1587 3789 flendo
1614 3725 1741 3802 iuniori,
1777 3729 1944 3810 armigero,
1978 3729 2060 3809 quod

229 3850 289 3927 ipsi
311 3863 401 3911 vnum
424 3848 614 3928 mmuagiutn
633 3841 722 3924 (soie
745 3841 781 3908 in
802 3839 1045 3911 noretebendem
1067 3839 1237 3929 Rescripta
1259 3839 1337 3925 bie)
1359 3845 1590 3924 imperpetuum.
1635 3843 1832 3915 Eteimititer
1852 3845 2059 3918 dieuntiideut

228 3969 393 4044 iuratores,
426 3963 508 4044 quod
529 3963 719 4046 mesuagium
741 3963 806 4028 siue
828 3968 1030 4028 tenementum
1057 3960 1192 4042 predicta
1224 3978 1292 4026 eum
1318 3962 1390 4026 kain
1417 3959 1571 4026 adiacente
1587 3970 1735 4028 tenentur
1760 3963 1799 4030 de
1825 3965 1907 4032 dieto
1936 3966 2060 4035 domino

228 4101 300 4168 rege
320 4087 353 4149 in
375 4084 471 4150 tibere
492 4081 651 4165 burgagio,
673 4083 752 4148 sieut
773 4089 836 4146 tota
858 4083 967 4149 ciuitas
988 4080 1113 4148 leudem
1135 4087 1275 4160 tenetur„
1299 4089 1328 4144 et
1349 4079 1432 4161 qood
1460 4082 1539 4149 Mem
1563 4083 1751 4165 mesuagium
1771 4084 1836 4149 siue
1858 4093 2059 4153 tenementum

226 4219 297 4268 enm
320 4203 390 4268 iaio
412 4200 549 4281 predicto
572 4199 726 4270 adiacente
755 4199 868 4269 valent.
882 4216 939 4279 per
965 4215 1077 4265 annum
1107 4201 1138 4264 ie
1166 4199 1305 4267 omnibus
1332 4199 1461 4266 exitibus
1487 4201 1572 4266 iuxta
1599 4217 1704 4268 serum
1733 4202 1868 4269 valorem
1894 4203 2059 4271 eorundem

227 4280 429 4398 netn⁸iibras,
459 4326 489 4384 et
509 4317 591 4398 quod
613 4316 688 4385 nuiii
710 4319 769 4384 sint
789 4317 881 4384 medii
903 4317 1116 4384 interdictum
1138 4316 1294 4383 dominum
1322 4327 1485 4401 regemet
1512 4317 1647 4400 oretanos
1669 4318 1861 4401 Raduinbum
1884 4319 2009 4386 Betilier
2030 4328 2059 4385 et

225 4440 396 4508 iohannem
415 4435 520 4505 diendo
541 4437 582 4511 de⁴
600 4437 756 4519 mesuagio
778 4440 843 4501 siue
864 4444 1034 4515 tenemento
1056 4453 1124 4503 eom
1147 4437 1218 4502 kain
1239 4436 1385 4517 predictis
1390 4456 1402 4516 ;
1437 4445 1466 4500 et
1492 4439 1574 4519 quod
1597 4446 1773 4504 remaneant
1793 4438 1874 4502 dieto
1896 4436 2058 4520 Radulnbo

226 4559 362 4636 Botiiier,
385 4557 465 4624 ultra
486 4556 680 4624 donatiouem
703 4563 733 4620 et
753 4557 979 4622 eoncessionem
1002 4555 1081 4634 ilias,
1104 4557 1341 4640 triamesuagia
1362 4573 1431 4622 oum
1453 4529 1644 4636 pertinentiis
1665 4559 1696 4620 in
1708 4555 1856 4636 parocbia
1874 4557 2059 4622 sauntebiii·

226 4679 319 4746 drede
339 4680 371 4744 in
390 4675 520 4742 Pnietria
539 4673 704 4752 bondonis,
726 4690 785 4752 que
806 4673 905 4738 natent
927 4691 983 4756 per
1003 4690 1117 4743 annom
1139 4675 1170 4738 in
1192 4675 1333 4741 omnibns
1355 4677 1484 4756 exitibus
1507 4677 1590 4742 iuxta
1613 4691 1715 4738 rerum
1739 4675 1871 4743 valorem
1893 4676 2057 4746 eorundem

226 4801 452 4880 mesuagiorum
474 4793 579 4877 viginti
601 4809 732 4870 mareas,
754 4809 813 4873 que
833 4793 973 4860 similiter
994 4801 1131 4858 tenentur
1153 4791 1190 4858 de
1212 4793 1292 4861 dioto
1313 4792 1436 4861 domiuo
1458 4810 1530 4876 rege
1551 4794 1583 4874 iu
1606 4791 1702 4860 libero
1719 4794 1879 4878 burgagio,
1902 4797 1980 4869 sieut
1995 4803 2057 4868 toto

227 4917 335 4998 ciuitas
356 4913 481 4980 lundon
504 4920 653 4990 tenetur„
676 4911 713 4977 Et
735 4909 818 4990 quod
837 4911 979 4992 similiter.
997 4919 1173 4978 remaneant
1193 4911 1314 4994 pretato
1333 4912 1464 4979 iohanni
1485 4909 1589 4974 iieude
1617 4910 1697 4978 ultra
1718 4913 1912 4981 donatiouem
1934 4924 1964 4980 et
1985 4933 2057 4982 eon·
2096 4965 2099 4970 .

228 5037 394 5098 sessionem
416 5033 568 5114 predictas
590 5033 648 5096 tria
670 5031 731 5095 alia
759 5033 914 5114 mesuagio
943 5033 974 5095 iu
1002 5029 1138 5110 predicta
1167 5032 1312 5112 parochia
1341 5037 1444 5096 sancte
1471 5029 1617 5095 Mildrede
1645 5031 1676 5094 in
1703 5031 1833 5097 Poletria
1854 5031 2056 5118 Loudnnensi,

225 5169 284 5244 que¹
300 5151 406 5238 *raieut
425 5168 482 5234 per
502 5166 615 5218 annum
639 5155 668 5216 in
691 5151 831 5217 omnibus
852 5151 982 5216 exitibus
1002 5151 1085 5214 iuxta
1104 5129 1208 5217 rerum
1226 5149 1360 5216 valorem
1380 5165 1488 5240 eorum
1511 5149 1614 5233 vigenti
1636 5165 1766 5230 mareas,
1789 5160 1818 5216 et
1839 5169 1898 5232 que
1919 5153 2058 5218 similiter

148 5325 155 5338 .
227 5279 367 5336 tenentur
387 5269 425 5333 de
447 5271 527 5334 dieto
549 5256 673 5336 domiuo
695 5289 767 5354 rege
788 5273 818 5334 in
841 5269 938 5335 libero
961 5271 1126 5354 burgagio,
1157 5273 1234 5334 sieut
1256 5277 1317 5334 tota
1341 5271 1448 5333 ciuitas
1470 5267 1595 5336 Loudon
1618 5277 1744 5339 tenetur.
1789 5265 1826 5336 m
1847 5272 1930 5356 quod
1945 5273 2056 5370 ¹eodegn

292 5423 503 5487 somettengtt.
1821 5421 1853 5477 ta
