4866 6264
855 651 857 660 y
934 563 1043 662 1483,
1069 567 1212 658 Februur
1239 564 1297 638 18.
1641 597 1663 626 ²
1947 569 2031 650 159

205 851 370 918 brulende.
415 850 483 916 Vnd
512 848 616 914 lorder
644 851 690 916 als
718 865 775 915 van
803 851 858 917 der
880 851 1060 936 celeninge,
1092 853 1203 916 hussen
1225 853 1283 916 rnd
1305 851 1488 916 barnesclres
1510 870 1633 936 wegeu,
1666 870 1702 917 so
1724 853 1841 918 hebben
1869 851 1906 915 de
1928 868 2034 935 sorge·

205 989 329 1037 screuen
358 970 493 1050 lcoplude
520 987 576 1032 van
599 968 707 1033 lIollen
736 971 853 1035 belenet
878 972 938 1035 rnd
965 972 1104 1055 gelanet,
1136 972 1189 1035 dat
1204 971 1239 1050 ¹)
1268 989 1301 1035 se
1330 971 1387 1034 rud
1409 988 1460 1034 ere
1481 971 1620 1051 selscbop
1649 972 1708 1036 und
1731 973 1943 1054 nalamelinge
1963 971 2031 1036 dem

205 1093 339 1171 lropmen
361 1089 562 1154 rorscbreuen
584 1091 615 1153 in
636 1088 806 1154 dnbbelden
828 1089 944 1154 schottc
965 1091 1120 1174 dageliles
1141 1108 1198 1154 van
1220 1091 1300 1154 tiden
1323 1099 1354 1154 to
1377 1089 1457 1154 tiden
1479 1095 1510 1154 in
1530 1091 1648 1174 geliker
1669 1093 1754 1169 wisc
1777 1093 1840 1156 else
1861 1091 1900 1154 de
1921 1091 2029 1156 derde-

204 1210 273 1276 ball
298 1209 427 1274 bundero
455 1211 591 1289 punt'to
619 1207 746 1273 Breumn
775 1209 991 1294 bedegediuget
1019 1211 1178 1296 inbringen
1210 1211 1268 1274 und
1299 1210 1416 1282 betelon
1446 1210 1569 1274 ecbolen
1596 1210 1770 1274 anderthall
1799 1211 1929 1276 hundert
1955 1219 2031 1292 pnnt

204 1327 363 1412 sterlinges
392 1331 421 1394 in
444 1329 499 1394 der
520 1327 708 1392 lonlcurdien
730 1335 760 1392 to
782 1329 908 1394 bremen
930 1329 1149 1407 consebrenen,
1182 1331 1333 1414 begrepen
1362 1329 1421 1392 und
1443 1331 1575 1408 belcuet;
1609 1331 1667 1392 vnd
1696 1330 1748 1394 dat
1769 1330 1849 1396 disse
1871 1331 2033 1394 concordie

205 1445 461 1514 der'concordien
484 1456 514 1514 to
536 1447 663 1512 Bremen
686 1448 886 1538 vorschrcnen
907 1452 1047 1532 gemalet
1076 1450 1158 1514 niclrt
1186 1455 1287 1532 iegens
1309 1449 1353 1512 oll
1375 1452 1509 1514 contrair
1529 1467 1631 1514 wesen
1654 1467 1691 1514 en
1713 1450 1813 1527 schal,
1848 1449 1960 1514 sunder
1982 1449 2033 1512 dat

204 1569 242 1634 de
263 1569 351 1633 beide
372 1567 485 1634 sunder
506 1567 695 1632 ruderscbclt
715 1571 746 1631 in
769 1585 850 1632 erem
872 1569 1014 1634 wesende
1036 1569 1095 1633 rnd
1118 1567 1229 1632 sunder
1242 1570 1279 1646 ⁹)
1301 1570 1399 1652 ienige
1422 1569 1547 1652 engelist
1568 1569 1668 1632 bliueu
1693 1567 1749 1632 rud
1772 1586 1875 1634 wesen
1897 1569 2032 1633 sebolen.

356 1687 390 1750 ln
412 1688 564 1752 lcentnisse
587 1686 642 1750 der
662 1688 791 1751 warbeit
811 1704 846 1750 so
869 1688 986 1752 hebben
1008 1692 1066 1766 wi,
1094 1689 1196 1766 Peter,
1219 1687 1437 1771 Engelbrechi,
1461 1686 1542 1752 Gerd
1565 1687 1623 1750 und
1644 1688 1741 1751 loban
1766 1704 1982 1770 vorgescreuen
2005 1696 2035 1750 vt

204 1809 307 1886 beuel,
337 1807 438 1872 maclu
459 1807 518 1870 und
540 1805 748 1888 sunderlinges
770 1806 897 1870 betende
919 1807 973 1872 der
993 1806 1194 1873 rorscbrenen
1223 1807 1306 1871 stede
1328 1809 1387 1870 cnd
1409 1807 1542 1888 lcoplude
1565 1825 1620 1871 van
1644 1807 1750 1870 llollen
1772 1824 1843 1871 unse
1870 1814 2034 1890 syugenetc

203 1945 242 1990 an
270 1926 372 1990 dissen
399 1923 468 1990 brel
493 1924 667 2006 gebaugen,
698 1927 741 1987 int
768 1927 815 1988 iar
837 1942 924 1989 enses
945 1925 1042 1990 lieren
1065 1907 1326 2002 lellllilxxvlll,
1361 1943 1399 2005 up
1428 1933 1513 1990 suute
1535 1926 1691 2008 Martyuus
1718 1927 1795 1991 daclu
1823 1927 1876 1990 des
1905 1926 2031 2007 billigcn

204 2037 403 2110 Conlessolis.

203 2264 490 2352 CXXXVIII.
527 2269 730 2374 Vcrplclcb
750 2273 820 2351 der
835 2271 1039 2374 Koocfleulc
1064 2273 1135 2352 dcc
1151 2271 1380 2377 Stcbllcofes
1402 2279 1471 2352 mil
1493 2275 1578 2353 decu
1594 2272 1785 2377 Prcdipcr
1807 2273 1877 2352 dor
1892 2269 2034 2350 Kircbe

200 2423 313 2504 Allcr
326 2423 504 2527 Heib'peu
520 2423 617 2504 bam
632 2425 718 2506 Heu
737 2425 832 2506 uber
855 2426 930 2506 dcc
945 2450 1017 2505 ocu
1034 2427 1109 2506 dcc
1123 2427 1285 2526 Hermen
1310 2428 1457 2506 diesem
1476 2453 1524 2506 au
1540 2425 1832 2506 eutricbloudcu
1849 2423 2032 2504 zebeon

912 2577 1032 2680 cusa,
1063 2579 1238 2660 renen
1257 2577 1321 2658 ce.

354 2757 415 2821 llec
436 2758 596 2821 indentura
618 2757 697 2821 lacta
719 2761 795 2822 inter
817 2761 995 2842 magistrum
1017 2759 1222 2825 Alexandrum
1246 2760 1348 2844 llyng,
1372 2761 1530 2842 clericum,
1562 2771 1708 2826 rectorem
1731 2761 1856 2826 ecclesIe
1877 2759 2034 2841 parrochi-

202 2879 259 2942 alis
282 2877 425 2941 Omnium
448 2874 628 2943 Sanctornm
650 2877 731 2956 apud
754 2875 855 2940 lenum
878 2877 1014 2956 london,
1050 2875 1061 2960 {l
1093 2896 1130 2942 ex
1152 2896 1209 2941 vna
1231 2888 1333 2957 parte,
1363 2886 1393 2942 et
1414 2889 1598 2943 mercatores
1622 2879 1770 2957 Almanie,
1794 2881 1864 2944 illos
1888 2877 2033 2954 videlicet,

202 3001 252 3078 qui
272 2998 383 3062 habent
399 2997 522 3061 domum
541 2993 711 3060 in'cinitate
729 2995 864 3073 Loudon,
888 3013 946 3076 quc
965 2994 1136 3083 Gscpbolde
1153 2995 1423 3064 Ilseutonc'corum
1451 2995 1461 3081 ll
1489 3000 1653 3081 vulgariter
1669 3005 1869 3078 nuncupatur,
1892 3015 1929 3060 ex
1947 3005 2033 3076 parte

203 3117 311 3194 altera,
343 3125 484 3192 testatur,
507 3116 588 3195 qnod
610 3120 788 3195 superiore
810 3114 981 3179 decimandi
1002 3131 1060 3194 pro
1082 3115 1142 3180 illis
1165 3115 1321 3194 domibus,
1351 3116 1455 3199 sbopis
1477 3125 1506 3180 et
1528 3117 1735 3181 mansionibus
1757 3116 1837 3180 inira
1858 3116 1969 3194 locum,
2007 3113 2018 3198 ΙΙ

202 3245 341 3299 vocatum
363 3233 391 3300 le
414 3231 602 3332 Stplepcrd,
636 3252 752 3299 necnon
774 3236 914 3299 omnibus
941 3235 1009 3299 aliis
1031 3235 1187 3313 domibus,
1216 3235 1320 3315 sbopis
1349 3244 1379 3298 et
1406 3238 1630 3314 mansionibus,
1659 3235 1785 3316 pretaus
1814 3237 2032 3300 mercatoribus

201 3355 420 3433 pertinentibus
436 3362 465 3416 et
481 3371 537 3434 per
552 3369 604 3416 eos
620 3355 785 3432 occupatis,
808 3371 844 3416 ac
858 3352 940 3417 inira
958 3355 1146 3433 procinctum
1163 3354 1289 3418 ecclesie
1305 3355 1506 3434 parrochialis
1522 3357 1656 3436 predicis
1672 3357 1800 3431 situatis,
1816 3354 1854 3416 ad
1871 3352 2032 3435 gurgie,³)

201 3473 270 3538 lites
293 3481 322 3536 et
343 3473 567 3548 contenciones,
594 3489 652 3551 que
674 3487 732 3552 pro
753 3470 859 3535 eodem
881 3473 972 3535 orriri
985 3471 1023 3550 ⁴)
1045 3475 1077 3533 in
1099 3471 1233 3535 futurum
1256 3473 1403 3555 poterint,
1434 3476 1553 3558 penitus
1583 3473 1740 3538 euitandas
1762 3482 1792 3535 et
1813 3472 2033 3550 exstirpandas,

200 3602 304 3672 partes
330 3590 465 3670 predicte
493 3592 692 3656 amlcabiliter
719 3589 995 3654 condescenderunt
1008 3591 1045 3670 ⁶)
1074 3599 1103 3654 et
1131 3602 1367 3670 composuerunt
1393 3593 1560 3656 adinucem
1588 3593 1677 3656 modo
1705 3600 1865 3672 sequente:
1896 3590 2033 3654 uidelicet

202 3713 282 3792 quod
304 3713 440 3793 prelatus
461 3711 641 3789 Alexander,
663 3718 762 3775 rector
783 3679 908 3774 ecclesie
930 3710 1080 3791 predicte,
1112 3727 1169 3791 pro
1198 3727 1254 3774 suo
1282 3719 1417 3791 tempore
1444 3714 1592 3791 percipiet
1607 3712 1643 3791 6)
1672 3721 1701 3776 et
1722 3712 1845 3775 habebit
1866 3729 1884 3774 a
1905 3708 2033 3789 prelatis

202 3835 420 3900 mercatoribus
442 3842 597 3896 eteorum
620 3828 847 3894 successoribus
869 3829 1004 3908 quolibet
1025 3847 1104 3892 anno
1128 3847 1183 3910 pro
1206 3831 1345 3893 omnibus
1359 3830 1541 3895 -lruiusmodi
1569 3829 1727 3907 domibus,
1761 3831 1865 3909 sbopis
1892 3837 1922 3893 et
1947 3845 2034 3892 man-

203 3954 337 4017 sionibus
358 3951 511 4033 predictis,
534 3953 660 4031 prouiso
682 3949 762 4030 quod
786 3951 862 4012 inter
884 3949 1005 4014 eosdem
1021 3948 1056 4026 a)
1079 3949 1196 4026 domos,
1219 3948 1332 4030 sbopas
1354 3957 1383 4011 et
1405 3951 1593 4028 mansiones,
1626 3967 1685 4028 que
1706 3957 1775 4012 sunt
1797 3958 1825 4012 et
1847 3954 2033 4030 occupantur

204 4087 307 4136 versus
329 4071 427 4133 sicum
450 4072 673 4152 regiumextra
696 4075 814 4148 purtem
836 4067 873 4132 de
895 4069 925 4132 le
944 4065 1092 4150 Siileyerd
1114 4068 1252 4147 predicti,
1275 4069 1396 4132 nomine
1418 4068 1602 4132 decimarum
1625 4068 1769 4132 tredecim
1792 4067 1895 4144 llbras,
1917 4084 2032 4132 senso·

204 4188 282 4251 lidos
304 4195 333 4252 et
354 4196 421 4251 octo
443 4187 595 4265 denarios,
617 4189 675 4251 sibi
697 4186 736 4250 ad
759 4179 840 4252 festa·
857 4189 1103 4252 annunciacionis
1125 4190 1210 4251 beate
1221 4173 1322 4251 Marie¹
1339 4189 1474 4270 virginis,
1497 4189 1662 4251 natinitaiis
1680 4189 1776 4252 sancti
1794 4185 1940 4250 lobannis
1956 4186 2031 4264 bap-

206 4309 283 4384 tiste,
306 4308 402 4370 sancti
423 4303 579 4368 Michaelis
602 4305 787 4387 erebiangeli
809 4314 838 4369 et
859 4307 969 4370 natalis
990 4306 1110 4370 Domini
1132 4324 1187 4388 per
1208 4306 1331 4385 equales
1353 4309 1511 4386 porciones
1534 4309 1690 4369 annuatim
1712 4305 1885 4368 soluendos.
1931 4302 1966 4365 Et
1987 4305 2031 4366 sic

203 4442 284 4490 anno
306 4427 338 4490 in
366 4441 477 4490 anunm
507 4433 537 4487 et
565 4421 641 4488 lesio
668 4425 698 4486 in
727 4423 835 4489 festum
863 4425 935 4488 dicti
966 4432 1147 4490 mercatores
1176 4433 1205 4488 et
1234 4441 1424 4489 successores
1453 4429 1516 4504 sui,
1551 4423 1694 4506 quamdiu
1723 4421 1859 4504 prelatus
1888 4423 2032 4505 magister

202 4544 374 4610 Alexander
392 4545 507 4607 steterit
525 4551 622 4605 rector
638 4543 764 4606 ecclesie
780 4542 923 4623 predicte,
946 4543 1073 4607 fideliter
1091 4553 1120 4606 et
1138 4545 1201 4606 sine
1212 4544 1414 4608 diminucione
1435 4546 1550 4623 absque
1566 4541 1673 4606 fraude
1691 4541 1736 4603 vel
1757 4542 1828 4604 mali
1841 4541 1876 4619 ⁸)
1896 4543 2029 4624 ingenio,

203 4667 266 4728 siue
289 4662 436 4727 antedicto
457 4662 576 4738 domus,
600 4661 695 4741 sbope
717 4671 746 4724 et
768 4665 940 4724 mansiones
962 4637 1067 4725 omnes
1088 4671 1117 4725 et
1138 4663 1257 4745 singule
1278 4679 1334 4742 per
1355 4663 1477 4726 eosdem
1500 4669 1682 4725 mercatores
1695 4663 1832 4739 occupati
1848 4659 1882 4738 ⁹)
1908 4659 2030 4735 luerint,
2052 4675 2055 4683 ’

203 4785 268 4846 siue
289 4798 365 4860 nou,
400 4781 497 4844 eldem
518 4781 628 4843 rectori
658 4795 807 4843 summam
836 4779 1001 4861 predictam
1028 4779 1127 4842 lorma
1155 4783 1303 4860 premissa
1331 4782 1450 4845 tradent
1478 4787 1507 4843 et
1534 4781 1719 4860 percolerent.
1763 4779 1903 4857 idemque
1931 4787 2031 4842 rector

361 5084 384 5150 ¹)
412 5087 457 5137 lle.
493 5087 550 5140 Iis.
860 5085 886 5151 ²)
914 5087 973 5138 Vnd
991 5088 1063 5138 nicht
1081 5089 1189 5139 sunder.
1226 5087 1284 5140 tls.

226 5251 228 5256 Ι
358 5185 384 5252 ³)
411 5187 485 5240 llere
512 5187 603 5253 locale.
731 5187 757 5254 ⁴)
784 5190 858 5240 Lice:
884 5191 956 5242 orlrl.
1086 5190 1111 5253 ⁶)
1138 5191 1212 5242 blera
1239 5189 1469 5240 concordcnccunt
1485 5189 1547 5238 oder
1564 5193 1765 5240 consenserunt.
1900 5186 1927 5253 ⁶)
1953 5187 2029 5237 Iter:

204 5271 337 5336 percipiet.
432 5267 433 5274 ’
493 5273 519 5336 ⁷)
547 5275 621 5324 ltu:
646 5276 763 5328 medem.
921 5274 948 5338 ⁸)
975 5275 1048 5324 bles.-
1074 5273 1154 5325 melo.
1309 5273 1335 5336 ⁹)
1363 5275 1435 5324 Ilaec
1462 5279 1614 5336 occupatae.
