4914 6254
402 548 461 628 88
864 631 868 638 ¹
951 521 957 530 '
1181 537 1291 631 utto,
1316 541 1380 616 uo
1408 539 1466 612 14.

405 833 489 898 nium
511 831 582 896 huic
604 831 736 910 presenti
760 837 863 894 nostre
884 827 986 913 sigilla
1009 835 1114 894 nostre
1135 831 1346 908 apposuimus,
1369 825 1525 892 Wilietmo
1542 825 1678 896 Murowe
1700 837 1772 896 tunc
1793 833 1908 896 maiore
1929 833 2061 898 ciuitatis
2078 831 2242 915 Londonie,

403 951 541 1016 iohanne
563 950 652 1033 Yonp
680 957 710 1013 et
731 948 850 1012 Thomu
872 946 1046 1030 Ouiegreue
1074 953 1144 1010 ωηο
1174 947 1398 1010 vicecomitibus
1427 946 1562 1011 eiusdem
1589 941 1736 1026 ciuitatis,
1770 967 1806 1014 ac
1825 949 1965 1014 iohanne
1985 951 2150 1035 fletherley
2173 963 2242 1020 tunc

404 1071 486 1136 iliius
507 1070 614 1144 warde
637 1069 845 1134 ntuernannn.
889 1065 953 1130 iliis
975 1065 1100 1131 testibus
1110 1049 1132 1127 ε’
1143 1063 1299 1130 Wiiielmo
1321 1063 1487 1142 Abraham,
1508 1065 1646 1132 inhenne
1669 1065 1756 1146 oute,
1777 1068 1895 1136 Thomu
1911 1069 2068 1152 Reymonu
2090 1081 2120 1136 et
2141 1074 2244 1140 multis

402 1192 482 1255 eliis.
527 1190 637 1254 Datum
660 1188 808 1265 London„
838 1185 1066 1267 quartodecimo
1087 1184 1136 1248 die
1158 1185 1271 1250 mensis
1294 1182 1375 1263 Maii,
1398 1200 1479 1249 enno
1501 1185 1587 1268 regni
1610 1189 1693 1270 regis
1714 1185 1834 1254 Henrici
1856 1191 1933 1254 sexti
1955 1200 2025 1270 post
2047 1203 2243 1273 conquestum

404 1307 514 1392 Angiie
535 1309 687 1373 tricesimo
709 1314 830 1388 quarto.
1307 1363 1311 1370 .
1925 1308 2090 1376 Plummer.

403 1563 606 1652 xcvut.
661 1566 876 1649 normann
907 1565 1084 1646 concon
1114 1566 1186 1645 co
1207 1565 1359 1646 necem
1388 1566 1436 1645 η.
1460 1566 1622 1648 noento
1650 1591 1724 1648 eon
1745 1521 1913 1672 sonatan
1941 1553 2082 1650 onos
2108 1569 2244 1652 necue

951 1718 1027 1822 corf
1058 1719 1114 1797 W.
1138 1719 1329 1821 ueniter.
1390 1717 1506 1821 1456,
1539 1719 1622 1799 Μαί
1649 1721 1710 1799 tu.

559 1905 704 1970 Nouerint
725 1904 857 1968 uniuersi
886 1919 942 1983 per
970 1909 1126 1981 presentes
1156 1917 1213 1966 nos
1235 1899 1429 1982 Redttlphum
1454 1900 1590 1980 Boteler,
1619 1902 1762 1977 mititem,
1791 1904 1948 1969 dominnm
1978 1903 2017 1968 de
2036 1903 2185 1988 Sudete5‚
2216 1917 2245 1972 et

404 2024 574 2089 iohannem
584 2021 687 2088 Hende
703 2023 861 2099 iuniorem,
885 2021 1081 2103 armigerum,
1105 2018 1223 2097 iecisse,
1251 2017 1262 2100 n
1289 2018 1457 2098 ordinasse,
1481 2021 1673 2086 constituisse
1690 2028 1719 2086 et
1741 2021 1809 2086 loco
1826 2029 1932 2088 nostro
1947 2026 2087 2104 posuisse
2102 2024 2244 2092 dilectum

406 2143 495 2207 nobis
516 2146 547 2207 in
571 2139 694 2207 Christo
716 2139 909 2204 Witlelmum
930 2139 1062 2204 Beanfltz
1086 2147 1222 2204 nostrum
1245 2155 1349 2202 verum
1371 2147 1400 2202 et
1422 2139 1589 2222 legitimum
1612 2147 1795 2206 alternatum
1818 2141 1857 2206 nel
1879 2141 2108 2208 deliberantem
2130 2161 2188 2226 pro
2218 2145 2230 2230 p
2283 2155 2293 2176 ·

405 2263 494 2327 nobis
516 2269 547 2326 et
573 2263 694 2325 nomine
724 2268 828 2323 nostro
849 2259 995 2336 iohanni,
1024 2260 1223 2337 permissione
1251 2256 1356 2321 diuina
1379 2256 1481 2321 abbati
1508 2260 1683 2322 monasterii
1704 2260 1801 2324 suncti
1822 2258 1948 2338 Atheni,
1978 2269 2008 2326 et
2029 2261 2163 2328 eiusdem
2185 2264 2243 2330 loci

406 2381 568 2445 cunnentni
591 2381 637 2444 net
660 2395 766 2444 eorum
789 2383 820 2440 in
842 2378 899 2442 hec
921 2385 1008 2459 perte
1030 2384 1113 2440 certo
1139 2373 1151 2460 ss
1179 2383 1330 2440 attorneto
1352 2375 1475 2456 pienum
1498 2385 1527 2440 et
1555 2377 1713 2458 paciucnn
1740 2379 1882 2445 seisinem
1904 2369 2186 2462 ec'possessionen
2207 2385 2243 2450 oe

405 2507 435 2564 et
456 2501 487 2562 in
509 2507 572 2562 toto
594 2497 650 2561 illo
679 2504 848 2560 tenemento
877 2503 982 2562 nostro
1010 2509 1079 2558 cunt
1109 2495 1190 2575 leupo
1220 2493 1375 2558 adiacente
1396 2491 1478 2575 (wie
1500 2492 1536 2560 t'o
1559 2491 1624 2562 No.
1643 2491 1790 2578 XCVI.)
1811 2498 1969 2564 cuiusdam
1995 2509 2078 2564 certe
2107 2518 2163 2582 per
2189 2520 2243 2568 nos

408 2617 496 2681 dietis
519 2617 623 2680 abbati
644 2623 674 2678 et
695 2616 856 2680 conuentui
879 2613 950 2678 inde
972 2610 1124 2690 consecto,
1156 2619 1254 2676 retum
1276 2620 1306 2677 et
1327 2620 1447 2696 gratnm
1469 2613 1616 2680 hebentes
1638 2622 1667 2678 et
1688 2615 1823 2682 habituri
1844 2623 1939 2684 totum
1961 2627 1990 2683 et
2012 2621 2156 2701 quicquid
2177 2639 2246 2703 pre·

297 2777 300 2791 .
407 2737 506 2800 dictus
528 2742 698 2798 uttornotus
720 2740 823 2798 noster
844 2733 966 2798 nomine
988 2740 1092 2796 nostro
1114 2730 1220 2796 feccrit
1242 2731 1272 2794 in
1290 2735 1459 2813 premissis.
1492 2731 1525 2797 In
1542 2737 1629 2800 cuius
1646 2736 1690 2799 rei
1712 2738 1918 2802 testimonium
1935 2739 2127 2818 presentibus
2145 2741 2242 2824 sigilio

405 2861 510 2919 nostre
533 2853 743 2934 apposuimus.
786 2851 897 2916 Datum
919 2859 1028 2932 quarto
1050 2850 1169 2916 decimo
1191 2849 1240 2916 die
1266 2852 1379 2916 mensis
1400 2850 1488 2928 Maii,
1517 2869 1597 2918 enno
1626 2855 1712 2936 regni
1741 2857 1821 2936 tegis
1843 2855 1963 2920 flenrici
1984 2859 2063 2922 sexti
2084 2869 2154 2940 post
2174 2855 2266 2924 cun·'

406 2981 545 3051 questum
567 2970 676 3054 Angiie
698 2971 849 3036 tricesimo
871 2978 993 3051 quarto.
1260 2989 1263 2994 ·
1771 3007 1773 3010 -
1929 2975 2093 3042 ptum,

405 3191 568 3281 xclx.
614 3197 758 3301 Bcfcol
787 3200 859 3278 des
881 3196 1049 3302 Konope
1080 3223 1132 3277 oo
1158 3199 1234 3278 den
1256 3197 1390 3300 Meyer
1413 3222 1488 3278 oco
1511 3197 1671 3282 concon
1694 3225 1764 3280 utor
1795 3199 2088 3306 Uetereuclmnq
2117 3227 2244 3308 coequo

435 3353 506 3432 der
541 3349 831 3455 Uenertrcpuop
862 3351 933 3432 der
957 3349 1114 3430 noceor
1144 3356 1185 3429 io
1216 3349 1433 3454 Wpodepoe
1455 3349 1564 3431 Lance
1594 3377 1647 3430 un
1678 3353 1741 3432 die
1763 3352 1880 3433 Antei
1907 3379 1955 3434 ou
1986 3353 2044 3435 St.
2066 3354 2216 3435 Alburno

819 3503 903 3582 uod
933 3501 1188 3607 desfollee'per
1217 3501 1390 3583 Bericist.
1452 3502 1569 3606 1456,
1601 3503 1684 3584 Mei
1712 3502 1772 3583 tt.
1794 3501 1828 3604 ¹)

559 3683 624 3749 Rex
651 3685 761 3748 dilecto
788 3685 847 3748 sibi
868 3682 1025 3748 willelmo
1048 3682 1201 3760 Marone,
1236 3683 1344 3747 maiori
1366 3685 1498 3748 ciuitatis
1519 3692 1622 3749 nostre
1643 3685 1767 3750 London
1791 3689 1995 3751 ee'esceetori
2016 3695 2120 3753 nostro
2144 3692 2173 3752 in
2196 3708 2244 3754 οη-

407 3803 476 3870 dem
499 3805 636 3882 ciuitate,
670 3803 809 3868 salntem.
854 3803 1042 3884 Precipimus
1063 3803 1132 3879 tibi,
1166 3801 1247 3883 quod
1275 3818 1333 3880 per
1358 3811 1583 3869 sacromentum
1609 3804 1776 3884 proborum
1804 3813 1833 3868 et
1860 3805 2005 3888 legalium
2031 3807 2244 3872 hominumue

297 4014 300 4022 Ι
406 3923 523 3988 nattinn
544 3930 612 4000 tna,
645 3939 701 4002 per
723 3937 800 4001 quos
823 3924 868 3985 rei
888 3922 998 3986 verius
1021 3921 1130 3985 melius
1151 3922 1224 3986 sciri
1245 3923 1372 4002 poterit,
1405 3921 1569 4006 diiigenter
1593 3925 1746 4002 inquires,
1779 3926 1806 3990 si
1828 3929 1868 3988 sit
1903 3923 1915 4006 tp
1952 3925 1991 3993 ed
2012 3926 2178 4007 mnpnnrn
2200 3927 2244 3992 rel

406 4041 607 4122 preindic'tum
629 4048 765 4104 nosuum
787 4047 840 4103 ent
861 4039 1002 4118 aliorum,
1025 4042 1052 4104 si
1074 4037 1277 4104 concedamus
1298 4039 1459 4120 nauupno
1473 4039 1594 4106 Boteler
1615 4039 1653 4106 de
1671 4037 1813 4123 Sudeley,
1836 4041 1936 4122 militi,
1959 4043 2244 4112 ettohenniflenue

405 4161 528 4238 iuniori,
552 4159 716 4243 armigero,
739 4157 821 4238 quod
843 4158 902 4239 ipsi
925 4174 1016 4222 unum
1039 4160 1228 4241 mesnagium
1250 4159 1316 4222 siue
1338 4167 1541 4224 tenementum
1558 4158 1647 4240 (wie
1666 4158 1701 4226 e'n
1716 4156 1779 4228 No.
1797 4157 1901 4228 XCV.
1915 4159 1995 4244 bin)
2012 4166 2243 4243 imperpetuum,

384 4297 465 4361 ‚que
487 4279 531 4345 eis
552 4295 609 4360 per
629 4276 735 4342 literas
757 4282 877 4342 nostres
897 4284 1035 4358 petentes
1058 4293 1155 4356 nuper
1177 4277 1384 4340 concessimus
1404 4277 1600 4357 acquirenue.
1645 4277 1769 4342 Necnon
1790 4287 1820 4344 et
1841 4281 1867 4344 si
1890 4281 1929 4346 sit
1950 4280 1989 4345 ud
2011 4279 2179 4362 dompnum
2200 4281 2243 4348 tel

407 4397 606 4479 preiudicium
627 4405 766 4461 nostrum
790 4397 855 4460 siue
877 4395 1025 4474 eliorum,
1055 4404 1126 4460 tunc
1148 4395 1187 4458 ad
1210 4393 1292 4474 quod
1314 4395 1480 4474 dampnum
1503 4404 1533 4458 et
1554 4396 1637 4476 qnod
1662 4396 1862 4476 preiudicium
1885 4406 2023 4466 nostrum
2051 4408 2084 4465 et
2102 4401 2142 4464 ed
2165 4399 2244 4480 quod

405 4516 571 4597 dampnum
593 4523 623 4579 et
643 4512 726 4596 quod
747 4512 947 4595 pneiudicium
970 4515 1116 4592 aliorum,
1149 4530 1296 4596 quorum,
1326 4513 1456 4592 qualiter
1478 4521 1507 4578 et
1528 4531 1589 4595 qno
1612 4514 1703 4579 modo
1725 4523 1754 4580 et
1775 4514 1814 4580 de
1834 4532 1896 4596 quo
1919 4517 1965 4581 vei
1986 4517 2025 4584 de
2046 4519 2155 4598 quinus
2177 4533 2245 4598 pte·

406 4635 497 4712 dicta,
519 4633 709 4718 mesnagium
732 4635 798 4698 siue
820 4641 1023 4698 tenementum
1045 4648 1114 4696 cum
1136 4633 1207 4697 keio
1230 4639 1380 4710 tenentur,
1404 4641 1433 4696 et
1454 4651 1511 4714 per
1531 4633 1613 4713 quod
1635 4635 1798 4698 seruicium
1820 4634 1867 4700 rei
1889 4635 2021 4716 qualiter
2042 4645 2072 4700 et
2093 4635 2244 4715 quomodo

407 4759 437 4815 et
458 4761 603 4832 qnantum
624 4753 724 4818 valent
745 4768 934 4833 perannum
956 4754 988 4816 in
1010 4751 1151 4816 omnibus
1173 4717 1305 4815 enitibus
1327 4753 1537 4816 instaturum
1559 4751 1694 4819 valorem
1717 4752 1893 4831 eorundem,
1916 4761 1946 4818 et
1968 4759 2019 4833 qui
2043 4764 2073 4819 et
2093 4763 2168 4836 quot
2187 4757 2246 4823 siut

406 4869 499 4934 medii
521 4871 599 4935 inter
620 4887 676 4936 nos
697 4879 726 4934 et
746 4866 883 4950 prefatos
905 4869 1098 4950 Rauntptrnn
1110 4868 1230 4942 Boteler
1252 4877 1281 4934 et
1301 4869 1469 4934 iohannem
1483 4867 1587 4936 Hende
1608 4869 1646 4935 de
1668 4875 1825 4955 mesuagio
1846 4875 1912 4936 siue
1934 4880 2104 4938 tenemento
2125 4880 2157 4936 et
2176 4873 2244 4938 tenio

563 5155 587 5220 ¹)
615 5155 687 5208 Neon
707 5159 753 5210 ner
772 5157 967 5223 gleichzeitigen
985 5158 1124 5212 Atrectum
1141 5159 1189 5212 des
1207 5161 1233 5211 in
1253 5157 1334 5222 notre
1352 5159 1399 5212 des
1418 5159 1584 5224 tnntpttenen
1600 5157 1701 5212 tirietee
1720 5157 1856 5211 ertneitten
1873 5159 2243 5224 concretiones-uertentes

404 5244 452 5298 eut
468 5245 634 5307 uerprment.
758 5267 762 5276 ·
