4866 6264
751 1463 999 1598 Anhang
1031 1491 1146 1570 von
1182 1461 1507 1594 Urkunden,

580 1671 659 1756 ¹die
689 1671 859 1758 Hunseu
890 1693 942 1758 au
971 1673 1129 1758 Boston
1158 1673 1243 1756 und
1271 1671 1398 1778 Itynu
1427 1667 1662 1756 betrellend.

245 2095 279 2178 r.
322 2097 444 2204 rap
473 2075 658 2181 tramit
687 2098 754 2180 ιιι.
787 2097 935 2179 atate
966 2101 1117 2205 eopse
1145 2098 1306 2180 uacca
1336 2099 1400 2181 ata
1427 2099 1523 2179 osa
1554 2095 1751 2206 abactor
1780 2123 1828 2176 a
1857 2095 2007 2177 noerae

650 2252 888 2358 oerbdaplert
919 2249 1091 2356 strafort.
1151 2253 1270 2356 1272,
1301 2251 1453 2358 Aspim
1480 2249 1548 2337 26.
1568 2250 1603 2354 ¹)

365 2431 522 2508 tierricus,
544 2431 599 2496 llei
619 2437 717 2516 gratia
739 2449 793 2498 rex
814 2432 954 2518 dugliae,
974 2434 1081 2500 Pontio
1102 2434 1140 2499 dc
1162 2434 1248 2498 liora
1270 2443 1300 2498 et
1321 2436 1410 2498 sociis
1431 2437 1505 2512 suis,
1533 2435 1564 2498 iu
1586 2433 1729 2498 nundinis
1751 2432 1857 2498 suoctt'
1877 2429 2039 2518 Botolpbr'

214 2550 486 2628 commorantibus,
513 2549 652 2616 salutem
694 2551 775 2634 Quia
797 2553 1015 2630 intelleximus,
1043 2551 1124 2634 quod
1145 2551 1210 2618 Vos
1237 2553 1323 2618 lanas
1349 2561 1379 2617 et
1405 2554 1600 2618 mercimonia
1621 2552 1749 2616 druoldi
1777 2550 1987 2627 Scotelmuud‚
2001 2550 2037 2628 ³)

212 2668 358 2732 lobannis
380 2668 408 2733 le
429 2667 524 2748 Core,
553 2667 663 2735 Luderi
683 2671 722 2735 de
743 2672 942 2750 llertemuud,
957 2675 993 2752 ³)
1016 2673 1156 2736 werneri
1176 2671 1214 2736 dc
1236 2672 1267 2735 la
1288 2671 1373 2756 llige,
1395 2681 1425 2736 et
1445 2671 1583 2750 itionem,
1605 2671 1659 2736 lilii
1679 2669 1814 2748 Cinnam,
1836 2676 2038 2734 mercatorum

214 2785 299 2851 ducis
329 2787 367 2852 de
387 2787 602 2866 Broueswiclt‚
632 2789 670 2854 de
691 2787 795 2854 lubet
812 2779 845 2854 'et
865 2789 903 2855 de
925 2789 1090 2854 bermone
1118 2805 1177 2870 pro
1205 2805 1258 2868 co,
1285 2791 1368 2869 qrrod
1393 2793 1688 2857 communicaremut
1716 2805 1784 2856 cum
1806 2787 2038 2854 Flaudrcneibus

217 2913 321 2970 contra
344 2904 550 2973 inhibitionem
572 2915 719 2985 nostram,
742 2916 773 2972 et
794 2910 883 2976 etiam
904 2924 963 2989 pro
981 2925 1029 2986 eo,
1051 2909 1131 2989 quod
1153 2907 1303 2988 quandam
1324 2925 1442 2986 uatem,
1464 2911 1530 2973 siue
1546 2909 1667 2974 licentia
1687 2917 1801 2984 costra,
1823 2909 1903 2971 lanis
1918 2909 2038 2972 ottrcati
2102 2923 2110 2934 ‘

213 3023 358 3104 lecerunt,
381 3035 411 3090 et
432 3029 556 3108 insuper
581 3043 640 3108 pro
662 3019 712 3106 eo,
742 3027 824 3108 quod
846 3033 967 3111 pactum
989 3027 1124 3094 lecerunt
1144 3043 1213 3092 coru
1235 3027 1366 3107 quodam
1388 3025 1558 3092 lombardo
1579 3027 1617 3092 de
1638 3027 1716 3090 lanis
1738 3030 1801 3091 suis
1822 3025 2035 3108 deliberandis,

212 3142 349 3210 videlicet
370 3161 427 3226 pro
449 3145 583 3225 quolibet
603 3163 692 3212 sacco
714 3148 852 3212 lanarum
873 3147 1078 3229 predictarum
1099 3146 1243 3212 solvendo
1261 3145 1420 3211 duodecim
1442 3146 1594 3224 denarios,
1616 3150 1759 3211 arrestari
1777 3144 1890 3210 lecistis
1912 3148 1941 3209 iu
1960 3161 2036 3209 nun·

212 3262 292 3326 diuis
313 3264 476 3344 praedictis
497 3273 526 3329 et
547 3283 583 3330 eu
604 3265 748 3346 praelatis
764 3269 983 3332 mercatoribus
1004 3266 1103 3332 adbuc
1124 3267 1277 3333 detinetis:
1299 3283 1355 3332 nos
1377 3265 1463 3344 illud,
1486 3265 1567 3347 qood
1590 3266 1629 3331 ad
1651 3283 1706 3330 nos
1729 3265 1858 3347 pertinet
1878 3265 1916 3329 de
1936 3273 2035 3328 maus-

210 3385 365 3464 pressione
386 3384 542 3466 praedicta
563 3383 760 3450 charissimae
781 3387 914 3451 consorti
936 3394 1058 3450 nostrae
1078 3384 1255 3464 lilaouorae,
1279 3387 1401 3469 reginae
1421 3385 1568 3469 duplice,
1596 3385 1733 3451 dedimus
1754 3386 1911 3467 degrada
1932 3391 2035 3447 nostra

210 3502 347 3582 speciali,
370 3512 400 3567 et
418 3503 530 3568 eisdem
549 3505 765 3568 mercatoribus
783 3502 821 3567 ad
839 3506 1012 3570 instantiam
1027 3503 1323 3588 praelataeregiuae
1340 3513 1460 3568 nostrae
1477 3503 1588 3570 dictam
1604 3504 1875 3587 transgressionem
1886 3501 2036 3585 perdona-

209 3621 309 3686 uimus
330 3629 360 3685 et
379 3623 464 3704 ipsos
480 3623 551 3688 inde
569 3622 701 3687 totaliter
716 3623 896 3703 quictamus.
939 3623 976 3688 Et
996 3623 1064 3688 ideo
1085 3625 1171 3689 tobis
1191 3622 1380 3702 mandamus,
1402 3621 1484 3705 quod
1504 3623 1659 3703 praelatos
1680 3631 1861 3688 mercatores
1882 3622 1921 3686 de
1937 3630 2036 3686 trans·

207 3741 415 3823 gressionibus
436 3741 499 3807 illis
519 3745 637 3822 quietos
658 3759 724 3806 csse
745 3743 936 3824 permittatis,
958 3753 988 3808 et
1002 3751 1121 3808 centnm
1142 3753 1172 3808 et
1193 3751 1254 3808 tres
1275 3760 1380 3826 saccos
1403 3744 1492 3808 lanae
1513 3751 1542 3808 et
1565 3744 1625 3808 alia
1653 3745 1846 3808 mercimonia
1868 3742 2035 3806 eorundem

209 3868 420 3940 mercatorum,
441 3869 653 3942 praeterquam
677 3859 756 3925 inira
768 3867 944 3943 potestatem
964 3861 1262 3940 comtusltaodrtae,
1285 3862 1323 3927 ad
1344 3863 1536 3932 commodum
1553 3879 1642 3927 suum
1663 3862 1733 3926 iude
1754 3861 1923 3926 laciendum
1944 3870 2036 3943 prout

208 3976 316 4042 melius
328 3978 467 4058 viderint,
483 3979 634 4061 expedire.
666 3979 755 4046 Teste
767 3981 815 4046 lle
828 3983 908 4064 ipso,
929 3981 1013 4064 apud
1024 3979 1341 4060 Westmonasterium,
1354 3981 1422 4047 llvl
1435 3981 1484 4048 die
1496 3981 1633 4066 Augusti,
1648 3997 1728 4046 anno
1743 3983 1829 4064 regui
1841 3990 1944 4047 nostro
1956 3979 2036 4047 lvi

206 4229 260 4316 ll.
292 4235 385 4328 ,Der
414 4235 547 4340 diopor
585 4239 666 4317 trud
703 4241 767 4321 die
795 4233 948 4348 Bllrper
982 4265 1031 4323 aa
1059 4241 1166 4348 upa
1204 4243 1423 4347 besldlipert
1451 4240 1559 4322 olleo
1587 4240 1816 4346 Kotsfleolert
1852 4265 1924 4320 coa
1961 4239 2032 4319 der

266 4389 483 4472 deocooleo
510 4389 647 4472 Haase
675 4393 758 4472 olle
787 4419 861 4476 ooo
891 4396 1088 4480 alterabat
1119 4396 1353 4478 deceaseoeo
1380 4395 1540 4478 Recble.
1601 4393 1722 4496 1310,
1754 4393 1908 4498 Attprnl
1937 4393 1971 4472 1.

357 4571 468 4637 Notum
489 4573 530 4638 sit
550 4576 700 4638 ruiuersis
721 4581 877 4654 presentes
898 4576 1013 4642 litteras
1034 4579 1143 4644 visuris
1164 4578 1211 4644 vel
1234 4576 1397 4656 auditoris,
1420 4578 1500 4659 quod
1523 4593 1579 4642 uos
1695 4575 1793 4640 llaior
1813 4584 1844 4639 et
1863 4571 2032 4658 Burgeases

204 4691 273 4756 ville
285 4689 405 4772 Lectae,
427 4691 524 4755 tocim
545 4693 766 4756 communitatis
788 4699 891 4757 nostre
912 4709 1048 4773 rosamo,
1070 4697 1275 4762 concessimus
1296 4705 1326 4761 et
1347 4701 1567 4779 imperpetuum
1583 4691 1594 4778 ΙΙ
1610 4695 1769 4759 statuimus
1791 4693 1933 4757 omnibus
1952 4709 2032 4756 mer-

205 4809 357 4874 catoribus
383 4809 422 4873 de
449 4805 569 4875 Hooso
596 4799 781 4894 ulmeta,
814 4813 1004 4898 presentibus
1036 4821 1066 4877 et
1092 4811 1217 4893 littoris,
1250 4816 1403 4881 libertates
1434 4814 1631 4894 subscriptas.
1682 4811 1827 4878 Videlicet
1858 4811 1940 4891 quod
1971 4813 2030 4892 ipsi

361 5045 385 5111 ¹)
408 5044 468 5098 Aue
487 5046 636 5112 Μηίων(
650 5047 922 5103 wellen-urkundsu.
948 5051 977 5104 8.
992 5047 1049 5104 111
1072 5053 1125 5106 llo.
1137 5051 1231 5104 Lm
1264 5051 1360 5102 illesas
1377 5049 1499 5114 ttescetpt
1516 5051 1626 5104 beriam
1643 5051 1699 5104 siclt
1718 5050 1766 5102 cal
1781 5051 1832 5102 dtu
1850 5051 1948 5104 Vorltll
1966 5048 2030 5101 oder

203 5130 280 5182 elueu
298 5128 513 5195 inclimentum
531 5133 592 5186 dem
611 5134 659 5186 dtt
677 5133 822 5188 Scbrtlben
839 5137 887 5188 doe
904 5135 1094 5189 Altermcuues
1111 5136 1159 5188 dar
1175 5136 1328 5188 Deumebru
1346 5149 1379 5190 tu
1399 5137 1473 5202 Lputt
1489 5137 1527 5188 lut
1546 5136 1671 5189 liibtttkcr
1690 5134 1927 5188 Uttuodtubucbe
1945 5134 2029 5186 ΤΗ.

203 5214 256 5267 llo.
268 5211 320 5267 tta
336 5213 445 5278 sptlcltt.
549 5217 575 5283 ²)
602 5219 702 5272 Amold
719 5219 891 5288 sommae,
910 5224 999 5286 sptter
1011 5220 1160 5274 littbmcnu
1178 5233 1211 5273 ru
1225 5219 1343 5272 tibere
1378 5219 1456 5274 sleitc
1473 5221 1540 5279 eucb
1558 5221 1680 5272 tibeelar
1694 5219 1905 5273 urkundenbuch
1924 5233 1947 5270 a.
1964 5219 2030 5272 ιο.

204 5295 231 5365 ²)
258 5297 437 5352 vsrmrttttet
456 5301 503 5352 der
521 5302 638 5357 buddas
656 5306 687 5357 dc
704 5305 850 5372 domeure,
869 5307 935 5362 rlrls
952 5305 1123 5368 tramontio.
1138 5307 1166 5360 lu
1183 5307 1231 5360 dtr
1248 5305 1343 5371 oblpcu
1361 5305 1486 5361 Urluude
1504 5319 1562 5361 tom
1580 5305 1660 5358 labro
1679 5301 1752 5358 1181.
