<?xml version="1.0" encoding="UTF-8"?>
<!DOCTYPE html PUBLIC "-//W3C//DTD XHTML 1.0 Transitional//EN"
    "http://www.w3.org/TR/xhtml1/DTD/xhtml1-transitional.dtd">
<html xmlns="http://www.w3.org/1999/xhtml" xml:lang="en" lang="en">
 <head>
  <title>
</title>
<meta http-equiv="Content-Type" content="text/html;charset=utf-8" />
  <meta name='ocr-system' content='tesseract 3.04.00' />
  <meta name='ocr-capabilities' content='ocr_page ocr_carea ocr_par ocr_line ocrx_word'/>
</head>
<body>
  <div class='ocr_page' id='page_1' title='image "./urkundlichegesc00lappgoog_0227.png"; bbox 0 0 4998 6256; ppageno 0'>
   <div class='ocr_carea' id='block_1_1' title="bbox 404 569 1801 667">
    <p class='ocr_par' dir='ltr' id='par_1_1' title="bbox 404 569 1801 667">
     <span class='ocr_line' id='line_1_1' title="bbox 404 569 1801 667; baseline -0.001 -25"><span class='ocrx_word' id='word_1_1' title='bbox 404 580 463 660; x_wconf 84' lang='lat'>40</span> <span class='ocrx_word' id='word_1_2' title='bbox 892 571 1002 667; x_wconf 86' lang='grc'><strong>1413,</strong></span> <span class='ocrx_word' id='word_1_3' title='bbox 1027 572 1209 646; x_wconf 81' lang='lat' dir='ltr'><strong>November</strong></span> <span class='ocrx_word' id='word_1_4' title='bbox 1237 569 1295 642; x_wconf 86' lang='grc'>18.</span> <span class='ocrx_word' id='word_1_5' title='bbox 1320 609 1371 624; x_wconf 94' lang='lat'>··-</span> <span class='ocrx_word' id='word_1_6' title='bbox 1400 569 1509 664; x_wconf 77' lang='lat'>1413,</span> <span class='ocrx_word' id='word_1_7' title='bbox 1534 571 1717 644; x_wconf 83' lang='lat' dir='ltr'>November</span> <span class='ocrx_word' id='word_1_8' title='bbox 1743 570 1801 643; x_wconf 86' lang='grc'><strong>211.</strong></span> 
     </span>
    </p>
   </div>
   <div class='ocr_carea' id='block_1_2' title="bbox 403 856 2243 1178">
    <p class='ocr_par' dir='ltr' id='par_1_2' title="bbox 403 856 2243 1178">
     <span class='ocr_line' id='line_1_2' title="bbox 405 856 2243 941; baseline 0.001 -17"><span class='ocrx_word' id='word_1_9' title='bbox 405 862 438 925; x_wconf 89' lang='grc'>11</span> <span class='ocrx_word' id='word_1_10' title='bbox 461 861 547 924; x_wconf 85' lang='lat' dir='ltr'>cuius</span> <span class='ocrx_word' id='word_1_11' title='bbox 569 861 613 923; x_wconf 87' lang='lat' dir='ltr'>rel</span> <span class='ocrx_word' id='word_1_12' title='bbox 636 857 838 923; x_wconf 87' lang='lat' dir='ltr'>testimonium</span> <span class='ocrx_word' id='word_1_13' title='bbox 860 857 930 922; x_wconf 85' lang='lat' dir='ltr'>huic</span> <span class='ocrx_word' id='word_1_14' title='bbox 952 859 1085 937; x_wconf 81' lang='lat' dir='ltr'><strong>presenti</strong></span> <span class='ocrx_word' id='word_1_15' title='bbox 1107 859 1220 938; x_wconf 89' lang='lat' dir='ltr'>scripto</span> <span class='ocrx_word' id='word_1_16' title='bbox 1243 873 1311 922; x_wconf 92' lang='lat' dir='ltr'>mec</span> <span class='ocrx_word' id='word_1_17' title='bbox 1333 856 1468 941; x_wconf 63' lang='lat' dir='ltr'>sigillum</span> <span class='ocrx_word' id='word_1_18' title='bbox 1495 871 1595 920; x_wconf 87' lang='lat' dir='ltr'>meum</span> <span class='ocrx_word' id='word_1_19' title='bbox 1621 859 1763 938; x_wconf 89' lang='lat' dir='ltr'>apposni.</span> <span class='ocrx_word' id='word_1_20' title='bbox 1806 856 1872 922; x_wconf 84' lang='lat' dir='ltr'>lliis</span> <span class='ocrx_word' id='word_1_21' title='bbox 1899 857 2042 922; x_wconf 80' lang='lat' dir='ltr'>testibus:</span> <span class='ocrx_word' id='word_1_22' title='bbox 2069 857 2243 940; x_wconf 78' lang='lat' dir='ltr'>Lodewyco</span> 
     </span>
     <span class='ocr_line' id='line_1_3' title="bbox 403 973 2243 1058; baseline -0.001 -14"><span class='ocrx_word' id='word_1_23' title='bbox 403 980 494 1057; x_wconf 87' lang='lat' dir='ltr'>lchn,</span> <span class='ocrx_word' id='word_1_24' title='bbox 514 977 654 1043; x_wconf 80' lang='lat' dir='ltr'>iohanne</span> <span class='ocrx_word' id='word_1_25' title='bbox 677 977 912 1058; x_wconf 84' lang='lat' dir='ltr'>Cornewaleys,</span> <span class='ocrx_word' id='word_1_26' title='bbox 934 975 1053 1039; x_wconf 82' lang='lat' dir='ltr'>Thema</span> <span class='ocrx_word' id='word_1_27' title='bbox 1076 973 1193 1057; x_wconf 82' lang='lat' dir='ltr'>Gwyn‚</span> <span class='ocrx_word' id='word_1_28' title='bbox 1221 975 1360 1039; x_wconf 79' lang='lat' dir='ltr'>iohanne</span> <span class='ocrx_word' id='word_1_29' title='bbox 1381 974 1572 1056; x_wconf 66' lang='lat' dir='ltr'>snypstoue</span> <span class='ocrx_word' id='word_1_30' title='bbox 1600 973 1718 1038; x_wconf 82' lang='lat' dir='ltr'>Thema</span> <span class='ocrx_word' id='word_1_31' title='bbox 1741 973 1964 1058; x_wconf 79' lang='lat' dir='ltr'>Walsyngham</span> <span class='ocrx_word' id='word_1_32' title='bbox 1986 985 2016 1040; x_wconf 91' lang='lat' dir='ltr'>et</span> <span class='ocrx_word' id='word_1_33' title='bbox 2038 975 2142 1042; x_wconf 88' lang='lat' dir='ltr'>multis</span> <span class='ocrx_word' id='word_1_34' title='bbox 2163 977 2243 1043; x_wconf 86' lang='lat' dir='ltr'>aliis.</span> 
     </span>
     <span class='ocr_line' id='line_1_4' title="bbox 407 1092 2201 1178; baseline -0.001 -16"><span class='ocrx_word' id='word_1_35' title='bbox 407 1099 518 1162; x_wconf 83' lang='lat' dir='ltr'>hatum</span> <span class='ocrx_word' id='word_1_36' title='bbox 540 1106 625 1162; x_wconf 83' lang='lat' dir='ltr'>sexto</span> <span class='ocrx_word' id='word_1_37' title='bbox 648 1097 766 1161; x_wconf 91' lang='lat' dir='ltr'>decimo</span> <span class='ocrx_word' id='word_1_38' title='bbox 788 1095 837 1159; x_wconf 92' lang='lat' dir='ltr'>die</span> <span class='ocrx_word' id='word_1_39' title='bbox 860 1094 1049 1170; x_wconf 82' lang='lat' dir='ltr'>Nouembris,</span> <span class='ocrx_word' id='word_1_40' title='bbox 1072 1109 1152 1157; x_wconf 91' lang='lat' dir='ltr'>anno</span> <span class='ocrx_word' id='word_1_41' title='bbox 1176 1098 1260 1176; x_wconf 80' lang='lat' dir='ltr'>regni</span> <span class='ocrx_word' id='word_1_42' title='bbox 1283 1096 1364 1175; x_wconf 83' lang='lat' dir='ltr'>regis</span> <span class='ocrx_word' id='word_1_43' title='bbox 1386 1092 1506 1156; x_wconf 88' lang='lat' dir='ltr'>ilenriei</span> <span class='ocrx_word' id='word_1_44' title='bbox 1528 1094 1625 1172; x_wconf 88' lang='lat' dir='ltr'>quinti</span> <span class='ocrx_word' id='word_1_45' title='bbox 1648 1101 1719 1172; x_wconf 92' lang='lat' dir='ltr'>post</span> <span class='ocrx_word' id='word_1_46' title='bbox 1739 1102 1936 1174; x_wconf 79' lang='lat' dir='ltr'>conquestum</span> <span class='ocrx_word' id='word_1_47' title='bbox 1959 1093 2069 1178; x_wconf 76' lang='lat' dir='ltr'>hughe</span> <span class='ocrx_word' id='word_1_48' title='bbox 2089 1096 2201 1176; x_wconf 86' lang='lat' dir='ltr'>primo.</span> 
     </span>
    </p>
   </div>
   <div class='ocr_carea' id='block_1_3' title="bbox 405 1317 2243 1729">
    <p class='ocr_par' dir='ltr' id='par_1_3' title="bbox 405 1317 2243 1729">
     <span class='ocr_line' id='line_1_5' title="bbox 405 1317 2243 1423; baseline -0.001 -21"><span class='ocrx_word' id='word_1_49' title='bbox 405 1320 541 1402; x_wconf 81' lang='lat' dir='ltr'>LVII.</span> <span class='ocrx_word' id='word_1_50' title='bbox 581 1322 662 1402; x_wconf 84' lang='lat' dir='ltr'>Dee</span> <span class='ocrx_word' id='word_1_51' title='bbox 685 1319 926 1402; x_wconf 80' lang='lat' dir='ltr'>Geiellicbeo</span> <span class='ocrx_word' id='word_1_52' title='bbox 945 1321 981 1398; x_wconf 87' lang='lat' dir='ltr'>J.</span> <span class='ocrx_word' id='word_1_53' title='bbox 997 1317 1222 1422; x_wconf 77' lang='lat' dir='ltr'>Ilrelyoplon</span> <span class='ocrx_word' id='word_1_54' title='bbox 1253 1318 1470 1399; x_wconf 82' lang='lat' dir='ltr'>Vollmocbl</span> <span class='ocrx_word' id='word_1_55' title='bbox 1489 1317 1558 1421; x_wconf 74' lang='lat' dir='ltr'>fiir</span> <span class='ocrx_word' id='word_1_56' title='bbox 1578 1317 1625 1396; x_wconf 87' lang='grc'>11.</span> <span class='ocrx_word' id='word_1_57' title='bbox 1641 1318 1837 1420; x_wconf 81' lang='grc'><strong>11111111,</strong></span> <span class='ocrx_word' id='word_1_58' title='bbox 1862 1345 1926 1399; x_wconf 83' lang='lat' dir='ltr'>em</span> <span class='ocrx_word' id='word_1_59' title='bbox 1948 1317 2243 1423; x_wconf 67' lang='grc'><strong>11111111,</strong></span> 
     </span>
     <span class='ocr_line' id='line_1_6' title="bbox 464 1467 2186 1577; baseline -0.002 -23"><span class='ocrx_word' id='word_1_60' title='bbox 464 1474 636 1577; x_wconf 76' lang='lat' dir='ltr'>Biscbof</span> <span class='ocrx_word' id='word_1_61' title='bbox 653 1500 726 1555; x_wconf 89' lang='lat' dir='ltr'>oon</span> <span class='ocrx_word' id='word_1_62' title='bbox 749 1471 1051 1573; x_wconf 59' lang='lat' dir='ltr'>Nor-wichmanni</span> <span class='ocrx_word' id='word_1_63' title='bbox 1071 1471 1158 1550; x_wconf 86' lang='lat' dir='ltr'>dem</span> <span class='ocrx_word' id='word_1_64' title='bbox 1181 1469 1312 1550; x_wconf 79' lang='grc'><strong>1111111</strong></span> <span class='ocrx_word' id='word_1_65' title='bbox 1330 1469 1461 1574; x_wconf 78' lang='lat' dir='ltr'>lioper</span> <span class='ocrx_word' id='word_1_66' title='bbox 1485 1467 1615 1549; x_wconf 86' lang='lat' dir='ltr'>becbe</span> <span class='ocrx_word' id='word_1_67' title='bbox 1641 1477 1702 1574; x_wconf 80' lang='grc'>111</span> <span class='ocrx_word' id='word_1_68' title='bbox 1729 1469 1977 1552; x_wconf 76' lang='grc'><strong>(1111111111</strong></span> <span class='ocrx_word' id='word_1_69' title='bbox 1999 1472 2081 1552; x_wconf 85' lang='lat' dir='ltr'>uod</span> <span class='ocrx_word' id='word_1_70' title='bbox 2102 1473 2186 1574; x_wconf 81' lang='lat' dir='ltr'>Kop</span> 
     </span>
     <span class='ocr_line' id='line_1_7' title="bbox 740 1621 1908 1729; baseline -0.002 -24"><span class='ocrx_word' id='word_1_71' title='bbox 740 1633 782 1706; x_wconf 87' lang='lat' dir='ltr'>in</span> <span class='ocrx_word' id='word_1_72' title='bbox 815 1625 980 1729; x_wconf 78' lang='lat' dir='ltr'>Wpopoe</span> <span class='ocrx_word' id='word_1_73' title='bbox 1004 1621 1113 1703; x_wconf 81' lang='lat' dir='ltr'>borne</span> <span class='ocrx_word' id='word_1_74' title='bbox 1144 1621 1409 1726; x_wconf 74' lang='lat' dir='ltr'>mesauloseee.</span> <span class='ocrx_word' id='word_1_75' title='bbox 1464 1621 1579 1724; x_wconf 82' lang='grc'><strong>11113,</strong></span> <span class='ocrx_word' id='word_1_76' title='bbox 1611 1621 1821 1704; x_wconf 80' lang='lat' dir='ltr'><em>November</em></span> <span class='ocrx_word' id='word_1_77' title='bbox 1844 1624 1908 1707; x_wconf 86' lang='grc'>18.</span> 
     </span>
    </p>
   </div>
   <div class='ocr_carea' id='block_1_4' title="bbox 405 1801 2247 2950">
    <p class='ocr_par' dir='ltr' id='par_1_4' title="bbox 405 1801 2247 2950">
     <span class='ocr_line' id='line_1_8' title="bbox 558 1801 2245 1886; baseline 0 -14"><span class='ocrx_word' id='word_1_78' title='bbox 558 1808 705 1872; x_wconf 85' lang='lat' dir='ltr'>Nouerint</span> <span class='ocrx_word' id='word_1_79' title='bbox 727 1807 858 1870; x_wconf 82' lang='lat' dir='ltr'>uniuersi</span> <span class='ocrx_word' id='word_1_80' title='bbox 879 1820 937 1884; x_wconf 87' lang='lat' dir='ltr'>per</span> <span class='ocrx_word' id='word_1_81' title='bbox 958 1812 1112 1884; x_wconf 82' lang='lat' dir='ltr'>presentes</span> <span class='ocrx_word' id='word_1_82' title='bbox 1134 1819 1182 1867; x_wconf 89' lang='lat' dir='ltr'>me</span> <span class='ocrx_word' id='word_1_83' title='bbox 1202 1804 1371 1867; x_wconf 86' lang='lat' dir='ltr'>lohauuem</span> <span class='ocrx_word' id='word_1_84' title='bbox 1395 1804 1588 1886; x_wconf 81' lang='lat' dir='ltr'>lltelyngtcn,</span> <span class='ocrx_word' id='word_1_85' title='bbox 1617 1801 1776 1881; x_wconf 89' lang='lat' dir='ltr'>clericum,</span> <span class='ocrx_word' id='word_1_86' title='bbox 1806 1805 1977 1883; x_wconf 80' lang='lat' dir='ltr'>ordinasse,</span> <span class='ocrx_word' id='word_1_87' title='bbox 2005 1807 2194 1870; x_wconf 84' lang='lat' dir='ltr'>constituisse</span> <span class='ocrx_word' id='word_1_88' title='bbox 2215 1815 2245 1872; x_wconf 83' lang='lat' dir='ltr'>ot</span> 
     </span>
     <span class='ocr_line' id='line_1_9' title="bbox 406 1919 2242 2006; baseline -0.002 -15"><span class='ocrx_word' id='word_1_89' title='bbox 406 1927 476 1991; x_wconf 87' lang='lat' dir='ltr'>loco</span> <span class='ocrx_word' id='word_1_90' title='bbox 498 1941 566 1990; x_wconf 92' lang='lat' dir='ltr'>meo</span> <span class='ocrx_word' id='word_1_91' title='bbox 592 1929 732 2006; x_wconf 80' lang='lat' dir='ltr'>posuisse</span> <span class='ocrx_word' id='word_1_92' title='bbox 751 1924 895 1988; x_wconf 91' lang='lat' dir='ltr'>dilectum</span> <span class='ocrx_word' id='word_1_93' title='bbox 912 1921 1002 1986; x_wconf 92' lang='lat' dir='ltr'>michi</span> <span class='ocrx_word' id='word_1_94' title='bbox 1024 1923 1055 1986; x_wconf 91' lang='lat' dir='ltr'>iu</span> <span class='ocrx_word' id='word_1_95' title='bbox 1071 1919 1195 1986; x_wconf 85' lang='lat' dir='ltr'>Christo</span> <span class='ocrx_word' id='word_1_96' title='bbox 1222 1921 1233 2004; x_wconf 83' lang='lat' dir='ltr'>b</span> <span class='ocrx_word' id='word_1_97' title='bbox 1259 1922 1422 1986; x_wconf 77' lang='lat' dir='ltr'><strong>Ricardum</strong></span> <span class='ocrx_word' id='word_1_98' title='bbox 1438 1921 1588 1999; x_wconf 86' lang='lat' dir='ltr'>Boklaud,</span> <span class='ocrx_word' id='word_1_99' title='bbox 1611 1921 1708 1984; x_wconf 89' lang='lat' dir='ltr'>ciuem</span> <span class='ocrx_word' id='word_1_100' title='bbox 1725 1929 1755 1985; x_wconf 92' lang='lat' dir='ltr'>et</span> <span class='ocrx_word' id='word_1_101' title='bbox 1777 1924 1980 2004; x_wconf 81' lang='lat' dir='ltr'>piscenatium</span> <span class='ocrx_word' id='word_1_102' title='bbox 2001 1921 2242 2001; x_wconf 86' lang='lat' dir='ltr'>Londcnensem,</span> 
     </span>
     <span class='ocr_line' id='line_1_10' title="bbox 405 2036 2229 2126; baseline -0.002 -18"><span class='ocrx_word' id='word_1_103' title='bbox 405 2045 444 2108; x_wconf 86' lang='lat' dir='ltr'>ad</span> <span class='ocrx_word' id='word_1_104' title='bbox 467 2041 694 2108; x_wconf 86' lang='lat' dir='ltr'>deliberandum</span> <span class='ocrx_word' id='word_1_105' title='bbox 716 2044 860 2106; x_wconf 83' lang='lat' dir='ltr'>saisinam</span> <span class='ocrx_word' id='word_1_106' title='bbox 880 2057 939 2120; x_wconf 90' lang='lat' dir='ltr'>pro</span> <span class='ocrx_word' id='word_1_107' title='bbox 961 2057 1009 2104; x_wconf 91' lang='lat' dir='ltr'>mc</span> <span class='ocrx_word' id='word_1_108' title='bbox 1030 2048 1060 2103; x_wconf 92' lang='lat' dir='ltr'>et</span> <span class='ocrx_word' id='word_1_109' title='bbox 1081 2042 1203 2105; x_wconf 91' lang='lat' dir='ltr'>nomine</span> <span class='ocrx_word' id='word_1_110' title='bbox 1224 2057 1293 2104; x_wconf 90' lang='lat' dir='ltr'>meo</span> <span class='ocrx_word' id='word_1_111' title='bbox 1315 2039 1482 2104; x_wconf 90' lang='lat' dir='ltr'>reuerendo</span> <span class='ocrx_word' id='word_1_112' title='bbox 1503 2041 1536 2103; x_wconf 91' lang='lat' dir='ltr'>in</span> <span class='ocrx_word' id='word_1_113' title='bbox 1551 2036 1672 2104; x_wconf 87' lang='lat' dir='ltr'>Christo</span> <span class='ocrx_word' id='word_1_114' title='bbox 1694 2043 1774 2119; x_wconf 89' lang='lat' dir='ltr'>patri</span> <span class='ocrx_word' id='word_1_115' title='bbox 1797 2059 1833 2105; x_wconf 88' lang='lat' dir='ltr'>ac</span> <span class='ocrx_word' id='word_1_116' title='bbox 1849 2041 1983 2119; x_wconf 91' lang='lat' dir='ltr'>domino,</span> <span class='ocrx_word' id='word_1_117' title='bbox 2006 2041 2128 2106; x_wconf 90' lang='lat' dir='ltr'>domino</span> <span class='ocrx_word' id='word_1_118' title='bbox 2150 2041 2202 2104; x_wconf 84' lang='lat' dir='ltr'>lii·</span> <span class='ocrx_word' id='word_1_119' title='bbox 2217 2039 2229 2126; x_wconf 77' lang='grc'>11</span> 
     </span>
     <span class='ocr_line' id='line_1_11' title="bbox 406 2157 2245 2242; baseline -0.002 -15"><span class='ocrx_word' id='word_1_120' title='bbox 406 2163 499 2227; x_wconf 90' lang='lat' dir='ltr'>cardo</span> <span class='ocrx_word' id='word_1_121' title='bbox 516 2161 699 2241; x_wconf 85' lang='lat' dir='ltr'>Gourteney,</span> <span class='ocrx_word' id='word_1_122' title='bbox 721 2159 921 2241; x_wconf 85' lang='lat' dir='ltr'>Norwyceusi</span> <span class='ocrx_word' id='word_1_123' title='bbox 942 2160 1097 2239; x_wconf 89' lang='lat' dir='ltr'>episcopo,</span> <span class='ocrx_word' id='word_1_124' title='bbox 1120 2167 1150 2222; x_wconf 93' lang='lat' dir='ltr'>et</span> <span class='ocrx_word' id='word_1_125' title='bbox 1175 2158 1294 2241; x_wconf 78' lang='lat' dir='ltr'>hogero</span> <span class='ocrx_word' id='word_1_126' title='bbox 1317 2157 1423 2236; x_wconf 82' lang='lat' dir='ltr'>leche,</span> <span class='ocrx_word' id='word_1_127' title='bbox 1447 2159 1544 2235; x_wconf 92' lang='lat' dir='ltr'>militi,</span> <span class='ocrx_word' id='word_1_128' title='bbox 1566 2157 1604 2222; x_wconf 88' lang='lat' dir='ltr'>de</span> <span class='ocrx_word' id='word_1_129' title='bbox 1625 2174 1683 2222; x_wconf 84' lang='lat' dir='ltr'>tuo</span> <span class='ocrx_word' id='word_1_130' title='bbox 1706 2166 1875 2224; x_wconf 77' lang='lat' dir='ltr'>tenemento</span> <span class='ocrx_word' id='word_1_131' title='bbox 1898 2177 1967 2224; x_wconf 93' lang='lat' dir='ltr'>cum</span> <span class='ocrx_word' id='word_1_132' title='bbox 1989 2160 2070 2242; x_wconf 78' lang='lat' dir='ltr'>kayo</span> <span class='ocrx_word' id='word_1_133' title='bbox 2088 2159 2245 2224; x_wconf 85' lang='lat' dir='ltr'>adiacente</span> 
     </span>
     <span class='ocr_line' id='line_1_12' title="bbox 406 2273 2246 2360; baseline -0.002 -15"><span class='ocrx_word' id='word_1_134' title='bbox 406 2289 435 2345; x_wconf 91' lang='lat' dir='ltr'>et</span> <span class='ocrx_word' id='word_1_135' title='bbox 456 2281 596 2345; x_wconf 88' lang='lat' dir='ltr'>omuibus</span> <span class='ocrx_word' id='word_1_136' title='bbox 618 2280 682 2343; x_wconf 87' lang='lat' dir='ltr'>suis</span> <span class='ocrx_word' id='word_1_137' title='bbox 703 2278 907 2356; x_wconf 76' lang='lat' dir='ltr'>pertinentiis,</span> <span class='ocrx_word' id='word_1_138' title='bbox 935 2276 1016 2355; x_wconf 88' lang='lat' dir='ltr'>quod</span> <span class='ocrx_word' id='word_1_139' title='bbox 1047 2275 1200 2355; x_wconf 89' lang='lat' dir='ltr'>quondam</span> <span class='ocrx_word' id='word_1_140' title='bbox 1237 2273 1248 2360; x_wconf 82' lang='lat' dir='ltr'>b</span> <span class='ocrx_word' id='word_1_141' title='bbox 1285 2274 1343 2340; x_wconf 89' lang='lat' dir='ltr'>luit</span> <span class='ocrx_word' id='word_1_142' title='bbox 1362 2275 1468 2339; x_wconf 79' lang='lat' dir='ltr'>iacchi</span> <span class='ocrx_word' id='word_1_143' title='bbox 1490 2274 1625 2353; x_wconf 78' lang='grc'><strong>111111,</strong></span> <span class='ocrx_word' id='word_1_144' title='bbox 1654 2284 1684 2339; x_wconf 90' lang='lat' dir='ltr'>et</span> <span class='ocrx_word' id='word_1_145' title='bbox 1706 2277 1788 2355; x_wconf 85' lang='lat' dir='ltr'>quod</span> <span class='ocrx_word' id='word_1_146' title='bbox 1809 2277 1932 2358; x_wconf 86' lang='lat' dir='ltr'>quidem</span> <span class='ocrx_word' id='word_1_147' title='bbox 1954 2284 2154 2344; x_wconf 86' lang='lat' dir='ltr'>tenementum</span> <span class='ocrx_word' id='word_1_148' title='bbox 2176 2293 2246 2342; x_wconf 91' lang='lat' dir='ltr'>cum</span> 
     </span>
     <span class='ocr_line' id='line_1_13' title="bbox 405 2391 2245 2480; baseline -0.001 -17"><span class='ocrx_word' id='word_1_149' title='bbox 405 2402 487 2480; x_wconf 81' lang='lat' dir='ltr'>layo</span> <span class='ocrx_word' id='word_1_150' title='bbox 509 2394 766 2462; x_wconf 79' lang='lat' dir='ltr'>adiacente&#39;iacet</span> <span class='ocrx_word' id='word_1_151' title='bbox 786 2397 817 2457; x_wconf 93' lang='lat' dir='ltr'>in</span> <span class='ocrx_word' id='word_1_152' title='bbox 838 2393 1048 2476; x_wconf 77' lang='lat' dir='ltr'>Wyugoslane</span> <span class='ocrx_word' id='word_1_153' title='bbox 1070 2397 1100 2457; x_wconf 89' lang='lat' dir='ltr'>in</span> <span class='ocrx_word' id='word_1_154' title='bbox 1122 2393 1269 2475; x_wconf 88' lang='lat' dir='ltr'>parochia</span> <span class='ocrx_word' id='word_1_155' title='bbox 1291 2396 1426 2458; x_wconf 89' lang='lat' dir='ltr'>omnium</span> <span class='ocrx_word' id='word_1_156' title='bbox 1448 2391 1629 2460; x_wconf 87' lang='lat' dir='ltr'>Sanctorum</span> <span class='ocrx_word' id='word_1_157' title='bbox 1651 2394 1688 2459; x_wconf 90' lang='grc'>11</span> <span class='ocrx_word' id='word_1_158' title='bbox 1712 2394 1816 2459; x_wconf 89' lang='grc'><strong>11111</strong></span> <span class='ocrx_word' id='word_1_159' title='bbox 1850 2393 1862 2478; x_wconf 84' lang='lat' dir='ltr'>b</span> <span class='ocrx_word' id='word_1_160' title='bbox 1902 2394 2043 2473; x_wconf 84' lang='lat' dir='ltr'>London,</span> <span class='ocrx_word' id='word_1_161' title='bbox 2072 2393 2245 2462; x_wconf 87' lang='lat' dir='ltr'>habendum</span> 
     </span>
     <span class='ocr_line' id='line_1_14' title="bbox 405 2509 2247 2594; baseline -0.002 -13"><span class='ocrx_word' id='word_1_162' title='bbox 405 2526 435 2582; x_wconf 88' lang='lat' dir='ltr'>et</span> <span class='ocrx_word' id='word_1_163' title='bbox 457 2517 621 2581; x_wconf 86' lang='lat' dir='ltr'>tenendum</span> <span class='ocrx_word' id='word_1_164' title='bbox 641 2512 769 2594; x_wconf 87' lang='lat' dir='ltr'>prelatis</span> <span class='ocrx_word' id='word_1_165' title='bbox 796 2513 941 2593; x_wconf 88' lang='lat' dir='ltr'>episcopo</span> <span class='ocrx_word' id='word_1_166' title='bbox 969 2520 999 2574; x_wconf 91' lang='lat' dir='ltr'>et</span> <span class='ocrx_word' id='word_1_167' title='bbox 1018 2512 1139 2594; x_wconf 77' lang='lat' dir='ltr'>hogero</span> <span class='ocrx_word' id='word_1_168' title='bbox 1162 2511 1327 2577; x_wconf 88' lang='lat' dir='ltr'>secundum</span> <span class='ocrx_word' id='word_1_169' title='bbox 1349 2513 1424 2589; x_wconf 88' lang='lat' dir='ltr'>uim,</span> <span class='ocrx_word' id='word_1_170' title='bbox 1454 2509 1584 2576; x_wconf 84' lang='lat' dir='ltr'>formam</span> <span class='ocrx_word' id='word_1_171' title='bbox 1608 2521 1635 2576; x_wconf 89' lang='lat' dir='ltr'>et</span> <span class='ocrx_word' id='word_1_172' title='bbox 1656 2513 1793 2578; x_wconf 83' lang='lat' dir='ltr'>ellectum</span> <span class='ocrx_word' id='word_1_173' title='bbox 1816 2512 1973 2578; x_wconf 91' lang='lat' dir='ltr'>cuiusdam</span> <span class='ocrx_word' id='word_1_174' title='bbox 1994 2522 2077 2577; x_wconf 93' lang='lat' dir='ltr'>carte</span> <span class='ocrx_word' id='word_1_175' title='bbox 2098 2513 2168 2578; x_wconf 91' lang='lat' dir='ltr'>iude</span> <span class='ocrx_word' id='word_1_176' title='bbox 2189 2529 2247 2594; x_wconf 84' lang='lat' dir='ltr'>per</span> 
     </span>
     <span class='ocr_line' id='line_1_15' title="bbox 407 2629 2246 2714; baseline -0.002 -14"><span class='ocrx_word' id='word_1_177' title='bbox 407 2653 455 2700; x_wconf 93' lang='lat' dir='ltr'>me</span> <span class='ocrx_word' id='word_1_178' title='bbox 477 2633 603 2714; x_wconf 88' lang='lat' dir='ltr'>prelatis</span> <span class='ocrx_word' id='word_1_179' title='bbox 625 2634 771 2714; x_wconf 80' lang='lat' dir='ltr'>episcopo</span> <span class='ocrx_word' id='word_1_180' title='bbox 792 2638 822 2694; x_wconf 91' lang='lat' dir='ltr'>et</span> <span class='ocrx_word' id='word_1_181' title='bbox 843 2631 964 2712; x_wconf 83' lang='lat' dir='ltr'>licgero</span> <span class='ocrx_word' id='word_1_182' title='bbox 987 2629 1133 2694; x_wconf 85' lang='lat' dir='ltr'>conlecta.</span> <span class='ocrx_word' id='word_1_183' title='bbox 1171 2630 1280 2694; x_wconf 84' lang='lat' dir='ltr'>liatum</span> <span class='ocrx_word' id='word_1_184' title='bbox 1303 2638 1332 2693; x_wconf 89' lang='lat' dir='ltr'>et</span> <span class='ocrx_word' id='word_1_185' title='bbox 1353 2638 1474 2712; x_wconf 80' lang='lat' dir='ltr'>gratum</span> <span class='ocrx_word' id='word_1_186' title='bbox 1496 2630 1653 2695; x_wconf 89' lang='lat' dir='ltr'>habiturus</span> <span class='ocrx_word' id='word_1_187' title='bbox 1675 2631 1817 2710; x_wconf 89' lang='lat' dir='ltr'>quicquid</span> <span class='ocrx_word' id='word_1_188' title='bbox 1839 2629 1975 2711; x_wconf 88' lang='lat' dir='ltr'>prelatus</span> <span class='ocrx_word' id='word_1_189' title='bbox 1997 2630 2145 2696; x_wconf 84' lang='lat' dir='ltr'>Ricardus</span> <span class='ocrx_word' id='word_1_190' title='bbox 2166 2631 2246 2696; x_wconf 82' lang='lat' dir='ltr'>ecu-</span> 
     </span>
     <span class='ocr_line' id='line_1_16' title="bbox 407 2746 2245 2829; baseline -0.002 -12"><span class='ocrx_word' id='word_1_191' title='bbox 407 2751 480 2817; x_wconf 90' lang='lat' dir='ltr'>land</span> <span class='ocrx_word' id='word_1_192' title='bbox 506 2751 612 2816; x_wconf 89' lang='lat' dir='ltr'>lecerit</span> <span class='ocrx_word' id='word_1_193' title='bbox 638 2751 668 2813; x_wconf 94' lang='lat' dir='ltr'>in</span> <span class='ocrx_word' id='word_1_194' title='bbox 697 2749 866 2828; x_wconf 87' lang='lat' dir='ltr'>premissis.</span> <span class='ocrx_word' id='word_1_195' title='bbox 889 2807 894 2818; x_wconf 87' lang='grc'>,</span> <span class='ocrx_word' id='word_1_196' title='bbox 917 2749 949 2812; x_wconf 88' lang='grc'>11</span> <span class='ocrx_word' id='word_1_197' title='bbox 977 2751 1063 2812; x_wconf 92' lang='lat' dir='ltr'>cuius</span> <span class='ocrx_word' id='word_1_198' title='bbox 1091 2750 1136 2811; x_wconf 90' lang='lat' dir='ltr'>rei</span> <span class='ocrx_word' id='word_1_199' title='bbox 1171 2748 1376 2812; x_wconf 89' lang='lat' dir='ltr'>testimouium</span> <span class='ocrx_word' id='word_1_200' title='bbox 1404 2746 1474 2812; x_wconf 89' lang='lat' dir='ltr'>huic</span> <span class='ocrx_word' id='word_1_201' title='bbox 1507 2752 1640 2828; x_wconf 85' lang='lat' dir='ltr'>presenti</span> <span class='ocrx_word' id='word_1_202' title='bbox 1668 2751 1782 2828; x_wconf 88' lang='lat' dir='ltr'>scripto</span> <span class='ocrx_word' id='word_1_203' title='bbox 1809 2747 1944 2829; x_wconf 84' lang='lat' dir='ltr'>sigillum</span> <span class='ocrx_word' id='word_1_204' title='bbox 1972 2763 2072 2814; x_wconf 89' lang='lat' dir='ltr'>meum</span> <span class='ocrx_word' id='word_1_205' title='bbox 2103 2753 2245 2829; x_wconf 81' lang='lat' dir='ltr'>apposui.</span> 
     </span>
     <span class='ocr_line' id='line_1_17' title="bbox 407 2867 2244 2950; baseline -0.001 -16"><span class='ocrx_word' id='word_1_206' title='bbox 407 2872 518 2935; x_wconf 83' lang='lat' dir='ltr'>Datum</span> <span class='ocrx_word' id='word_1_207' title='bbox 540 2868 675 2945; x_wconf 86' lang='lat' dir='ltr'>houden,</span> <span class='ocrx_word' id='word_1_208' title='bbox 698 2867 815 2932; x_wconf 92' lang='lat' dir='ltr'>decimo</span> <span class='ocrx_word' id='word_1_209' title='bbox 837 2874 946 2932; x_wconf 91' lang='lat' dir='ltr'>octauo</span> <span class='ocrx_word' id='word_1_210' title='bbox 968 2867 1017 2932; x_wconf 91' lang='lat' dir='ltr'>dic</span> <span class='ocrx_word' id='word_1_211' title='bbox 1037 2867 1229 2944; x_wconf 88' lang='lat' dir='ltr'>Nouembris,</span> <span class='ocrx_word' id='word_1_212' title='bbox 1251 2881 1332 2929; x_wconf 91' lang='lat' dir='ltr'>anno</span> <span class='ocrx_word' id='word_1_213' title='bbox 1354 2868 1441 2947; x_wconf 80' lang='lat' dir='ltr'>regni</span> <span class='ocrx_word' id='word_1_214' title='bbox 1462 2869 1543 2950; x_wconf 83' lang='lat' dir='ltr'>regis</span> <span class='ocrx_word' id='word_1_215' title='bbox 1558 2867 1684 2932; x_wconf 82' lang='lat' dir='ltr'>&#39;henrici</span> <span class='ocrx_word' id='word_1_216' title='bbox 1705 2868 1801 2947; x_wconf 83' lang='lat' dir='ltr'>quinti</span> <span class='ocrx_word' id='word_1_217' title='bbox 1823 2874 1894 2946; x_wconf 86' lang='lat' dir='ltr'>post</span> <span class='ocrx_word' id='word_1_218' title='bbox 1915 2875 2111 2946; x_wconf 84' lang='lat' dir='ltr'>conquestum</span> <span class='ocrx_word' id='word_1_219' title='bbox 2134 2870 2244 2949; x_wconf 86' lang='lat' dir='ltr'>primo.</span> 
     </span>
    </p>
   </div>
   <div class='ocr_carea' id='block_1_5' title="bbox 407 3091 2247 3197">
    <p class='ocr_par' dir='ltr' id='par_1_5' title="bbox 407 3091 2247 3197">
     <span class='ocr_line' id='line_1_18' title="bbox 407 3091 2247 3197; baseline -0.003 -21"><span class='ocrx_word' id='word_1_220' title='bbox 407 3092 566 3176; x_wconf 82' lang='lat' dir='ltr'>LVIII.</span> <span class='ocrx_word' id='word_1_221' title='bbox 612 3093 789 3173; x_wconf 82' lang='lat' dir='ltr'>Ricbord</span> <span class='ocrx_word' id='word_1_222' title='bbox 811 3093 1011 3173; x_wconf 85' lang='lat' dir='ltr'>Willebire</span> <span class='ocrx_word' id='word_1_223' title='bbox 1033 3091 1197 3196; x_wconf 78' lang='lat' dir='ltr'>befreiel</span> <span class='ocrx_word' id='word_1_224' title='bbox 1219 3094 1296 3172; x_wconf 85' lang='lat' dir='ltr'>dee</span> <span class='ocrx_word' id='word_1_225' title='bbox 1318 3092 1560 3176; x_wconf 82' lang='lat' dir='ltr'>Geioilicben</span> <span class='ocrx_word' id='word_1_226' title='bbox 1579 3096 1615 3173; x_wconf 88' lang='lat' dir='ltr'>J.</span> <span class='ocrx_word' id='word_1_227' title='bbox 1636 3093 1862 3197; x_wconf 76' lang='lat' dir='ltr'>litelpreploe</span> <span class='ocrx_word' id='word_1_228' title='bbox 1883 3093 1965 3172; x_wconf 84' lang='lat' dir='ltr'>uod</span> <span class='ocrx_word' id='word_1_229' title='bbox 1988 3095 2064 3173; x_wconf 85' lang='lat' dir='ltr'>deo</span> <span class='ocrx_word' id='word_1_230' title='bbox 2085 3091 2247 3196; x_wconf 70' lang='grc'><strong>1111111</strong></span> 
     </span>
    </p>
   </div>
   <div class='ocr_carea' id='block_1_6' title="bbox 407 3243 2247 3499">
    <p class='ocr_par' dir='ltr' id='par_1_6' title="bbox 407 3243 2247 3499">
     <span class='ocr_line' id='line_1_19' title="bbox 407 3243 2247 3349; baseline -0.002 -23"><span class='ocrx_word' id='word_1_231' title='bbox 407 3247 454 3326; x_wconf 89' lang='grc'>11.</span> <span class='ocrx_word' id='word_1_232' title='bbox 478 3247 684 3349; x_wconf 78' lang='lat' dir='ltr'>blortpmer</span> <span class='ocrx_word' id='word_1_233' title='bbox 713 3269 786 3324; x_wconf 84' lang='lat' dir='ltr'>oon</span> <span class='ocrx_word' id='word_1_234' title='bbox 812 3245 917 3324; x_wconf 86' lang='grc'><strong>11111</strong></span> <span class='ocrx_word' id='word_1_235' title='bbox 941 3243 1207 3349; x_wconf 79' lang='lat' dir='ltr'>Aoeprttebeo,</span> <span class='ocrx_word' id='word_1_236' title='bbox 1238 3245 1382 3324; x_wconf 82' lang='lat' dir='ltr'>melche</span> <span class='ocrx_word' id='word_1_237' title='bbox 1414 3271 1457 3326; x_wconf 90' lang='lat' dir='ltr'>er</span> <span class='ocrx_word' id='word_1_238' title='bbox 1487 3269 1540 3326; x_wconf 89' lang='grc'>11</span> <span class='ocrx_word' id='word_1_239' title='bbox 1565 3245 1629 3325; x_wconf 84' lang='lat' dir='ltr'>die</span> <span class='ocrx_word' id='word_1_240' title='bbox 1657 3243 1928 3325; x_wconf 81' lang='lat' dir='ltr'>Grandeltlelce</span> <span class='ocrx_word' id='word_1_241' title='bbox 1957 3245 2039 3324; x_wconf 84' lang='lat' dir='ltr'>eod</span> <span class='ocrx_word' id='word_1_242' title='bbox 2062 3244 2139 3325; x_wconf 84' lang='lat' dir='ltr'>deo</span> <span class='ocrx_word' id='word_1_243' title='bbox 2163 3243 2247 3344; x_wconf 77' lang='lat' dir='ltr'>Ilop</span> 
     </span>
     <span class='ocr_line' id='line_1_20' title="bbox 686 3395 1938 3499; baseline 0 -22"><span class='ocrx_word' id='word_1_244' title='bbox 686 3404 728 3477; x_wconf 81' lang='lat' dir='ltr'>irc</span> <span class='ocrx_word' id='word_1_245' title='bbox 760 3396 917 3499; x_wconf 79' lang='lat' dir='ltr'>Wiepoe</span> <span class='ocrx_word' id='word_1_246' title='bbox 940 3395 1050 3476; x_wconf 82' lang='lat' dir='ltr'>berte</span> <span class='ocrx_word' id='word_1_247' title='bbox 1081 3395 1246 3476; x_wconf 83' lang='lat' dir='ltr'>erbeben</span> <span class='ocrx_word' id='word_1_248' title='bbox 1274 3397 1427 3478; x_wconf 80' lang='grc'><strong>1111111.</strong></span> <span class='ocrx_word' id='word_1_249' title='bbox 1490 3396 1604 3499; x_wconf 82' lang='grc'><strong>11113,</strong></span> <span class='ocrx_word' id='word_1_250' title='bbox 1636 3397 1847 3478; x_wconf 80' lang='lat' dir='ltr'>November</span> <span class='ocrx_word' id='word_1_251' title='bbox 1867 3397 1938 3479; x_wconf 89' lang='grc'>20.</span> 
     </span>
    </p>
   </div>
   <div class='ocr_carea' id='block_1_7' title="bbox 407 3547 2249 5311">
    <p class='ocr_par' dir='ltr' id='par_1_7' title="bbox 407 3547 2249 5311">
     <span class='ocr_line' id='line_1_21' title="bbox 561 3547 2247 3660; baseline -0.003 -16"><span class='ocrx_word' id='word_1_252' title='bbox 561 3577 711 3644; x_wconf 86' lang='lat' dir='ltr'>Omnibus</span> <span class='ocrx_word' id='word_1_253' title='bbox 732 3574 844 3644; x_wconf 85' lang='lat' dir='ltr'>Christi</span> <span class='ocrx_word' id='word_1_254' title='bbox 869 3576 1020 3660; x_wconf 85' lang='lat' dir='ltr'>fidelihus,</span> <span class='ocrx_word' id='word_1_255' title='bbox 1043 3575 1082 3640; x_wconf 90' lang='lat' dir='ltr'>ad</span> <span class='ocrx_word' id='word_1_256' title='bbox 1111 3593 1188 3656; x_wconf 86' lang='lat' dir='ltr'>quos</span> <span class='ocrx_word' id='word_1_257' title='bbox 1214 3594 1339 3657; x_wconf 83' lang='lat' dir='ltr'>presens</span> <span class='ocrx_word' id='word_1_258' title='bbox 1367 3583 1513 3658; x_wconf 91' lang='lat' dir='ltr'>scriptum</span> <span class='ocrx_word' id='word_1_259' title='bbox 1541 3579 1725 3660; x_wconf 88' lang='lat' dir='ltr'>peruenerit,</span> <span class='ocrx_word' id='word_1_260' title='bbox 1748 3576 1897 3644; x_wconf 88' lang='lat' dir='ltr'>llicardus</span> <span class='ocrx_word' id='word_1_261' title='bbox 1918 3575 2093 3654; x_wconf 90' lang='lat' dir='ltr'>Wiltshire‚</span> <span class='ocrx_word' id='word_1_262' title='bbox 2116 3547 2196 3644; x_wconf 78' lang='lat' dir='ltr'>otius</span> <span class='ocrx_word' id='word_1_263' title='bbox 2218 3584 2247 3642; x_wconf 89' lang='lat' dir='ltr'>et</span> 
     </span>
     <span class='ocr_line' id='line_1_22' title="bbox 407 3694 2247 3780; baseline -0.001 -21"><span class='ocrx_word' id='word_1_264' title='bbox 407 3697 495 3760; x_wconf 89' lang='lat' dir='ltr'>heres</span> <span class='ocrx_word' id='word_1_265' title='bbox 516 3695 662 3758; x_wconf 82' lang='lat' dir='ltr'>iohannis</span> <span class='ocrx_word' id='word_1_266' title='bbox 684 3695 858 3772; x_wconf 88' lang='lat' dir='ltr'>Wiltshire,</span> <span class='ocrx_word' id='word_1_267' title='bbox 883 3711 980 3774; x_wconf 90' lang='lat' dir='ltr'>nuper</span> <span class='ocrx_word' id='word_1_268' title='bbox 1001 3696 1076 3758; x_wconf 91' lang='lat' dir='ltr'>ciuis</span> <span class='ocrx_word' id='word_1_269' title='bbox 1098 3703 1127 3758; x_wconf 91' lang='lat' dir='ltr'>et</span> <span class='ocrx_word' id='word_1_270' title='bbox 1147 3697 1268 3778; x_wconf 83' lang='lat' dir='ltr'>groceri</span> <span class='ocrx_word' id='word_1_271' title='bbox 1290 3695 1432 3773; x_wconf 83' lang='lat' dir='ltr'>london,</span> <span class='ocrx_word' id='word_1_272' title='bbox 1460 3697 1588 3760; x_wconf 87' lang='lat' dir='ltr'>salutem</span> <span class='ocrx_word' id='word_1_273' title='bbox 1611 3695 1642 3760; x_wconf 93' lang='lat' dir='ltr'>in</span> <span class='ocrx_word' id='word_1_274' title='bbox 1680 3694 1691 3780; x_wconf 82' lang='lat' dir='ltr'>b</span> <span class='ocrx_word' id='word_1_275' title='bbox 1729 3697 1859 3759; x_wconf 88' lang='lat' dir='ltr'>homino</span> <span class='ocrx_word' id='word_1_276' title='bbox 1881 3699 2105 3777; x_wconf 87' lang='lat' dir='ltr'>sempiternam.</span> <span class='ocrx_word' id='word_1_277' title='bbox 2129 3695 2247 3758; x_wconf 82' lang='grc'><strong>11111-</strong></span> 
     </span>
     <span class='ocr_line' id='line_1_23' title="bbox 409 3811 2247 3894; baseline -0.001 -17"><span class='ocrx_word' id='word_1_278' title='bbox 409 3816 475 3877; x_wconf 87' lang='lat' dir='ltr'>ritis</span> <span class='ocrx_word' id='word_1_279' title='bbox 497 3831 545 3876; x_wconf 90' lang='grc'>11</span> <span class='ocrx_word' id='word_1_280' title='bbox 567 3813 718 3894; x_wconf 90' lang='lat' dir='ltr'>prelatum</span> <span class='ocrx_word' id='word_1_281' title='bbox 740 3811 902 3876; x_wconf 82' lang='lat' dir='ltr'>Ricardum</span> <span class='ocrx_word' id='word_1_282' title='bbox 934 3814 1103 3892; x_wconf 86' lang='lat' dir='ltr'>remisisse,</span> <span class='ocrx_word' id='word_1_283' title='bbox 1139 3813 1293 3876; x_wconf 76' lang='lat' dir='ltr'>relaxasse</span> <span class='ocrx_word' id='word_1_284' title='bbox 1324 3823 1352 3878; x_wconf 89' lang='lat' dir='ltr'>et</span> <span class='ocrx_word' id='word_1_285' title='bbox 1379 3815 1502 3877; x_wconf 93' lang='lat' dir='ltr'>omniuo</span> <span class='ocrx_word' id='word_1_286' title='bbox 1531 3814 1569 3878; x_wconf 90' lang='lat' dir='ltr'>de</span> <span class='ocrx_word' id='word_1_287' title='bbox 1597 3831 1645 3878; x_wconf 89' lang='lat' dir='ltr'>me</span> <span class='ocrx_word' id='word_1_288' title='bbox 1673 3824 1702 3878; x_wconf 88' lang='lat' dir='ltr'>ct</span> <span class='ocrx_word' id='word_1_289' title='bbox 1727 3813 1890 3878; x_wconf 87' lang='lat' dir='ltr'>heredibus</span> <span class='ocrx_word' id='word_1_290' title='bbox 1917 3816 1992 3877; x_wconf 90' lang='lat' dir='ltr'>meis</span> <span class='ocrx_word' id='word_1_291' title='bbox 2021 3814 2247 3893; x_wconf 86' lang='lat' dir='ltr'>imperpetuum</span> 
     </span>
     <span class='ocr_line' id='line_1_24' title="bbox 407 3927 2246 4015; baseline -0.001 -20"><span class='ocrx_word' id='word_1_292' title='bbox 407 3933 542 4010; x_wconf 83' lang='lat' dir='ltr'>quletum</span> <span class='ocrx_word' id='word_1_293' title='bbox 564 3931 713 3994; x_wconf 88' lang='lat' dir='ltr'>clamasse</span> <span class='ocrx_word' id='word_1_294' title='bbox 733 3929 863 3993; x_wconf 83' lang='lat' dir='ltr'>iohanni</span> <span class='ocrx_word' id='word_1_295' title='bbox 900 3927 911 4006; x_wconf 84' lang='lat' dir='ltr'>b</span> <span class='ocrx_word' id='word_1_296' title='bbox 947 3928 1144 4011; x_wconf 80' lang='lat' dir='ltr'>thelycgton,</span> <span class='ocrx_word' id='word_1_297' title='bbox 1166 3929 1294 4008; x_wconf 90' lang='lat' dir='ltr'>clerico,</span> <span class='ocrx_word' id='word_1_298' title='bbox 1317 3930 1692 4013; x_wconf 81' lang='lat' dir='ltr'>etllugonillortymer,</span> <span class='ocrx_word' id='word_1_299' title='bbox 1714 3933 1883 4015; x_wconf 84' lang='lat' dir='ltr'>armigero,</span> <span class='ocrx_word' id='word_1_300' title='bbox 1905 3931 2068 3995; x_wconf 86' lang='lat' dir='ltr'>heredibus</span> <span class='ocrx_word' id='word_1_301' title='bbox 2090 3939 2246 3994; x_wconf 90' lang='lat' dir='ltr'>eteorum</span> 
     </span>
     <span class='ocr_line' id='line_1_25' title="bbox 407 4045 2247 4131; baseline -0.001 -19"><span class='ocrx_word' id='word_1_302' title='bbox 407 4050 581 4131; x_wconf 67' lang='lat' dir='ltr'>magnatis,</span> <span class='ocrx_word' id='word_1_303' title='bbox 606 4055 706 4110; x_wconf 88' lang='lat' dir='ltr'>totum</span> <span class='ocrx_word' id='word_1_304' title='bbox 727 4049 775 4112; x_wconf 91' lang='lat' dir='ltr'>ius</span> <span class='ocrx_word' id='word_1_305' title='bbox 798 4065 898 4113; x_wconf 89' lang='lat' dir='ltr'>meum</span> <span class='ocrx_word' id='word_1_306' title='bbox 920 4057 950 4112; x_wconf 91' lang='lat' dir='ltr'>et</span> <span class='ocrx_word' id='word_1_307' title='bbox 971 4047 1132 4126; x_wconf 80' lang='lat' dir='ltr'>demeum,</span> <span class='ocrx_word' id='word_1_308' title='bbox 1155 4065 1214 4128; x_wconf 89' lang='lat' dir='ltr'>quc</span> <span class='ocrx_word' id='word_1_309' title='bbox 1236 4063 1367 4127; x_wconf 83' lang='lat' dir='ltr'>unquam</span> <span class='ocrx_word' id='word_1_310' title='bbox 1389 4049 1492 4126; x_wconf 90' lang='lat' dir='ltr'>habui,</span> <span class='ocrx_word' id='word_1_311' title='bbox 1516 4049 1613 4112; x_wconf 88' lang='lat' dir='ltr'>habeo</span> <span class='ocrx_word' id='word_1_312' title='bbox 1635 4067 1689 4113; x_wconf 90' lang='lat' dir='ltr'>seu</span> <span class='ocrx_word' id='word_1_313' title='bbox 1710 4049 1913 4130; x_wconf 83' lang='lat' dir='ltr'>quouismodo</span> <span class='ocrx_word' id='word_1_314' title='bbox 1934 4051 1966 4113; x_wconf 91' lang='lat' dir='ltr'>in</span> <span class='ocrx_word' id='word_1_315' title='bbox 1987 4048 2122 4113; x_wconf 90' lang='lat' dir='ltr'>luturum</span> <span class='ocrx_word' id='word_1_316' title='bbox 2149 4045 2160 4131; x_wconf 82' lang='lat' dir='ltr'>b</span> <span class='ocrx_word' id='word_1_317' title='bbox 2194 4048 2247 4111; x_wconf 88' lang='lat' dir='ltr'>ha-</span> 
     </span>
     <span class='ocr_line' id='line_1_26' title="bbox 408 4164 2248 4248; baseline -0.003 -15"><span class='ocrx_word' id='word_1_318' title='bbox 408 4170 481 4233; x_wconf 88' lang='lat' dir='ltr'>here</span> <span class='ocrx_word' id='word_1_319' title='bbox 502 4176 610 4248; x_wconf 86' lang='lat' dir='ltr'>potero</span> <span class='ocrx_word' id='word_1_320' title='bbox 633 4167 829 4230; x_wconf 85' lang='lat' dir='ltr'>inomnihus</span> <span class='ocrx_word' id='word_1_321' title='bbox 851 4165 913 4230; x_wconf 92' lang='lat' dir='ltr'>illis</span> <span class='ocrx_word' id='word_1_322' title='bbox 935 4168 1111 4231; x_wconf 86' lang='lat' dir='ltr'>tenementis</span> <span class='ocrx_word' id='word_1_323' title='bbox 1132 4183 1201 4230; x_wconf 93' lang='lat' dir='ltr'>cum</span> <span class='ocrx_word' id='word_1_324' title='bbox 1224 4164 1345 4230; x_wconf 90' lang='lat' dir='ltr'>solariis</span> <span class='ocrx_word' id='word_1_325' title='bbox 1367 4175 1398 4229; x_wconf 88' lang='lat' dir='ltr'>et</span> <span class='ocrx_word' id='word_1_326' title='bbox 1418 4165 1539 4230; x_wconf 89' lang='lat' dir='ltr'>oelariis</span> <span class='ocrx_word' id='word_1_327' title='bbox 1560 4175 1590 4230; x_wconf 89' lang='lat' dir='ltr'>et</span> <span class='ocrx_word' id='word_1_328' title='bbox 1611 4167 1693 4247; x_wconf 81' lang='lat' dir='ltr'>layo</span> <span class='ocrx_word' id='word_1_329' title='bbox 1715 4166 1922 4230; x_wconf 86' lang='lat' dir='ltr'>adiacentibus</span> <span class='ocrx_word' id='word_1_330' title='bbox 1950 4183 1986 4230; x_wconf 90' lang='lat' dir='ltr'>ac</span> <span class='ocrx_word' id='word_1_331' title='bbox 2016 4166 2157 4230; x_wconf 89' lang='lat' dir='ltr'>omnihus</span> <span class='ocrx_word' id='word_1_332' title='bbox 2184 4165 2248 4230; x_wconf 82' lang='lat' dir='ltr'>suin</span> 
     </span>
     <span class='ocr_line' id='line_1_27' title="bbox 408 4282 2247 4368; baseline -0.001 -19"><span class='ocrx_word' id='word_1_333' title='bbox 408 4286 604 4367; x_wconf 88' lang='lat' dir='ltr'>pertinenciis</span> <span class='ocrx_word' id='word_1_334' title='bbox 626 4284 744 4348; x_wconf 88' lang='lat' dir='ltr'>situatis</span> <span class='ocrx_word' id='word_1_335' title='bbox 766 4285 796 4346; x_wconf 93' lang='lat' dir='ltr'>in</span> <span class='ocrx_word' id='word_1_336' title='bbox 824 4283 940 4346; x_wconf 85' lang='lat' dir='ltr'>tenella</span> <span class='ocrx_word' id='word_1_337' title='bbox 970 4292 1076 4347; x_wconf 87' lang='lat' dir='ltr'>uocata</span> <span class='ocrx_word' id='word_1_338' title='bbox 1103 4282 1354 4365; x_wconf 81' lang='lat' dir='ltr'>Wyndegoslane</span> <span class='ocrx_word' id='word_1_339' title='bbox 1382 4288 1412 4348; x_wconf 95' lang='lat' dir='ltr'>iu</span> <span class='ocrx_word' id='word_1_340' title='bbox 1442 4285 1549 4349; x_wconf 88' lang='lat' dir='ltr'>warda</span> <span class='ocrx_word' id='word_1_341' title='bbox 1577 4285 1616 4350; x_wconf 87' lang='lat' dir='ltr'>de</span> <span class='ocrx_word' id='word_1_342' title='bbox 1644 4285 1795 4368; x_wconf 80' lang='lat' dir='ltr'>Douegate</span> <span class='ocrx_word' id='word_1_343' title='bbox 1825 4293 1855 4348; x_wconf 93' lang='lat' dir='ltr'>et</span> <span class='ocrx_word' id='word_1_344' title='bbox 1881 4288 1911 4348; x_wconf 88' lang='lat' dir='ltr'>in</span> <span class='ocrx_word' id='word_1_345' title='bbox 1939 4283 2085 4364; x_wconf 89' lang='lat' dir='ltr'>parochia</span> <span class='ocrx_word' id='word_1_346' title='bbox 2112 4287 2247 4348; x_wconf 89' lang='lat' dir='ltr'>omnium</span> 
     </span>
     <span class='ocr_line' id='line_1_28' title="bbox 408 4399 2246 4484; baseline -0.003 -15"><span class='ocrx_word' id='word_1_347' title='bbox 408 4401 591 4470; x_wconf 83' lang='lat' dir='ltr'>Sanctorum</span> <span class='ocrx_word' id='word_1_348' title='bbox 612 4400 652 4465; x_wconf 90' lang='lat' dir='ltr'>ad</span> <span class='ocrx_word' id='word_1_349' title='bbox 673 4399 777 4466; x_wconf 89' lang='lat' dir='ltr'>lenum</span> <span class='ocrx_word' id='word_1_350' title='bbox 797 4400 933 4465; x_wconf 81' lang='lat' dir='ltr'>london.</span> <span class='ocrx_word' id='word_1_351' title='bbox 977 4399 1045 4482; x_wconf 87' lang='lat' dir='ltr'>Que</span> <span class='ocrx_word' id='word_1_352' title='bbox 1067 4401 1191 4481; x_wconf 89' lang='lat' dir='ltr'>quidam</span> <span class='ocrx_word' id='word_1_353' title='bbox 1214 4409 1383 4465; x_wconf 90' lang='lat' dir='ltr'>tenemeuta</span> <span class='ocrx_word' id='word_1_354' title='bbox 1405 4419 1474 4466; x_wconf 91' lang='lat' dir='ltr'>eum</span> <span class='ocrx_word' id='word_1_355' title='bbox 1496 4403 1633 4480; x_wconf 87' lang='lat' dir='ltr'>solariis,</span> <span class='ocrx_word' id='word_1_356' title='bbox 1656 4404 1775 4467; x_wconf 88' lang='lat' dir='ltr'>celariis</span> <span class='ocrx_word' id='word_1_357' title='bbox 1798 4412 1828 4467; x_wconf 91' lang='lat' dir='ltr'>et</span> <span class='ocrx_word' id='word_1_358' title='bbox 1848 4403 1930 4484; x_wconf 79' lang='lat' dir='ltr'>layo</span> <span class='ocrx_word' id='word_1_359' title='bbox 1952 4402 2109 4466; x_wconf 90' lang='lat' dir='ltr'>adiacente</span> <span class='ocrx_word' id='word_1_360' title='bbox 2131 4410 2246 4464; x_wconf 85' lang='grc'><strong>1111-</strong></span> 
     </span>
     <span class='ocr_line' id='line_1_29' title="bbox 408 4517 2248 4603; baseline -0.003 -15"><span class='ocrx_word' id='word_1_361' title='bbox 408 4523 497 4588; x_wconf 87' lang='lat' dir='ltr'>nibus</span> <span class='ocrx_word' id='word_1_362' title='bbox 519 4523 583 4586; x_wconf 89' lang='lat' dir='ltr'>suis</span> <span class='ocrx_word' id='word_1_363' title='bbox 605 4521 798 4600; x_wconf 81' lang='lat' dir='ltr'>pertinenciis</span> <span class='ocrx_word' id='word_1_364' title='bbox 820 4519 974 4599; x_wconf 84' lang='lat' dir='ltr'>quondam</span> <span class='ocrx_word' id='word_1_365' title='bbox 996 4519 1118 4584; x_wconf 90' lang='lat' dir='ltr'>luerunt</span> <span class='ocrx_word' id='word_1_366' title='bbox 1137 4519 1285 4583; x_wconf 77' lang='lat' dir='ltr'>Iohannis</span> <span class='ocrx_word' id='word_1_367' title='bbox 1306 4517 1427 4602; x_wconf 77' lang='lat' dir='ltr'>Sliegh,</span> <span class='ocrx_word' id='word_1_368' title='bbox 1461 4521 1617 4603; x_wconf 79' lang='lat' dir='ltr'>armigeri.</span> <span class='ocrx_word' id='word_1_369' title='bbox 1660 4521 1704 4584; x_wconf 89' lang='lat' dir='ltr'>lta</span> <span class='ocrx_word' id='word_1_370' title='bbox 1727 4520 1882 4599; x_wconf 86' lang='lat' dir='ltr'>uidelicet,</span> <span class='ocrx_word' id='word_1_371' title='bbox 1917 4522 1998 4601; x_wconf 88' lang='lat' dir='ltr'>quod</span> <span class='ocrx_word' id='word_1_372' title='bbox 2022 4539 2076 4585; x_wconf 91' lang='lat' dir='ltr'>uec</span> <span class='ocrx_word' id='word_1_373' title='bbox 2098 4537 2156 4603; x_wconf 81' lang='lat' dir='ltr'>ego</span> <span class='ocrx_word' id='word_1_374' title='bbox 2178 4537 2248 4600; x_wconf 87' lang='lat' dir='ltr'>pre·</span> 
     </span>
     <span class='ocr_line' id='line_1_30' title="bbox 408 4637 2248 4720; baseline -0.001 -16"><span class='ocrx_word' id='word_1_375' title='bbox 408 4641 508 4704; x_wconf 91' lang='lat' dir='ltr'>dictus</span> <span class='ocrx_word' id='word_1_376' title='bbox 530 4637 678 4703; x_wconf 88' lang='lat' dir='ltr'>liicardus</span> <span class='ocrx_word' id='word_1_377' title='bbox 701 4653 756 4702; x_wconf 89' lang='lat' dir='ltr'>nec</span> <span class='ocrx_word' id='word_1_378' title='bbox 778 4637 904 4702; x_wconf 90' lang='lat' dir='ltr'>heredes</span> <span class='ocrx_word' id='word_1_379' title='bbox 927 4640 987 4702; x_wconf 89' lang='lat' dir='ltr'>mei</span> <span class='ocrx_word' id='word_1_380' title='bbox 1009 4656 1063 4702; x_wconf 91' lang='lat' dir='ltr'>nec</span> <span class='ocrx_word' id='word_1_381' title='bbox 1085 4638 1195 4716; x_wconf 86' lang='lat' dir='ltr'>aliquis</span> <span class='ocrx_word' id='word_1_382' title='bbox 1217 4637 1299 4700; x_wconf 90' lang='lat' dir='ltr'>alius</span> <span class='ocrx_word' id='word_1_383' title='bbox 1321 4655 1378 4718; x_wconf 94' lang='lat' dir='ltr'>pro</span> <span class='ocrx_word' id='word_1_384' title='bbox 1399 4638 1487 4702; x_wconf 88' lang='lat' dir='ltr'>nobis</span> <span class='ocrx_word' id='word_1_385' title='bbox 1509 4655 1562 4704; x_wconf 90' lang='lat' dir='ltr'>seu</span> <span class='ocrx_word' id='word_1_386' title='bbox 1590 4640 1711 4703; x_wconf 87' lang='lat' dir='ltr'>nomine</span> <span class='ocrx_word' id='word_1_387' title='bbox 1742 4647 1846 4702; x_wconf 91' lang='lat' dir='ltr'>nostro</span> <span class='ocrx_word' id='word_1_388' title='bbox 1876 4638 2000 4720; x_wconf 87' lang='lat' dir='ltr'>aliquod</span> <span class='ocrx_word' id='word_1_389' title='bbox 2029 4640 2077 4702; x_wconf 92' lang='lat' dir='ltr'>ius</span> <span class='ocrx_word' id='word_1_390' title='bbox 2105 4655 2159 4702; x_wconf 91' lang='lat' dir='ltr'>seu</span> <span class='ocrx_word' id='word_1_391' title='bbox 2183 4637 2248 4702; x_wconf 90' lang='lat' dir='ltr'>cla·</span> 
     </span>
     <span class='ocr_line' id='line_1_31' title="bbox 410 4755 2248 4838; baseline -0.001 -18"><span class='ocrx_word' id='word_1_392' title='bbox 410 4772 510 4820; x_wconf 88' lang='lat' dir='ltr'>meum</span> <span class='ocrx_word' id='word_1_393' title='bbox 532 4758 563 4819; x_wconf 95' lang='lat' dir='ltr'>in</span> <span class='ocrx_word' id='word_1_394' title='bbox 585 4755 729 4835; x_wconf 82' lang='lat' dir='ltr'>predictis</span> <span class='ocrx_word' id='word_1_395' title='bbox 752 4760 928 4820; x_wconf 87' lang='lat' dir='ltr'>tenementis</span> <span class='ocrx_word' id='word_1_396' title='bbox 949 4773 1019 4820; x_wconf 92' lang='lat' dir='ltr'>cum</span> <span class='ocrx_word' id='word_1_397' title='bbox 1047 4755 1184 4833; x_wconf 88' lang='lat' dir='ltr'>solariis,</span> <span class='ocrx_word' id='word_1_398' title='bbox 1214 4755 1333 4820; x_wconf 87' lang='lat' dir='ltr'>celariis</span> <span class='ocrx_word' id='word_1_399' title='bbox 1362 4765 1392 4820; x_wconf 89' lang='lat' dir='ltr'>et</span> <span class='ocrx_word' id='word_1_400' title='bbox 1420 4757 1502 4837; x_wconf 81' lang='lat' dir='ltr'>layo</span> <span class='ocrx_word' id='word_1_401' title='bbox 1531 4758 1688 4821; x_wconf 88' lang='lat' dir='ltr'>adiacente</span> <span class='ocrx_word' id='word_1_402' title='bbox 1717 4774 1785 4821; x_wconf 91' lang='lat' dir='ltr'>cum</span> <span class='ocrx_word' id='word_1_403' title='bbox 1808 4757 1948 4821; x_wconf 89' lang='lat' dir='ltr'>omnihus</span> <span class='ocrx_word' id='word_1_404' title='bbox 1970 4758 2034 4822; x_wconf 88' lang='lat' dir='ltr'>suis</span> <span class='ocrx_word' id='word_1_405' title='bbox 2056 4755 2248 4838; x_wconf 80' lang='lat' dir='ltr'>pertinenciis</span> 
     </span>
     <span class='ocr_line' id='line_1_32' title="bbox 409 4871 2249 4955; baseline -0.002 -19"><span class='ocrx_word' id='word_1_406' title='bbox 409 4889 507 4952; x_wconf 86' lang='lat' dir='ltr'>neque</span> <span class='ocrx_word' id='word_1_407' title='bbox 528 4874 560 4935; x_wconf 90' lang='lat' dir='ltr'>in</span> <span class='ocrx_word' id='word_1_408' title='bbox 582 4873 685 4954; x_wconf 87' lang='lat' dir='ltr'>alique</span> <span class='ocrx_word' id='word_1_409' title='bbox 706 4872 843 4952; x_wconf 86' lang='lat' dir='ltr'>parcella</span> <span class='ocrx_word' id='word_1_410' title='bbox 866 4874 1031 4939; x_wconf 90' lang='lat' dir='ltr'>eorundem</span> <span class='ocrx_word' id='word_1_411' title='bbox 1054 4871 1092 4936; x_wconf 88' lang='grc'>11</span> <span class='ocrx_word' id='word_1_412' title='bbox 1114 4882 1215 4936; x_wconf 90' lang='lat' dir='ltr'>cetero</span> <span class='ocrx_word' id='word_1_413' title='bbox 1237 4876 1376 4955; x_wconf 83' lang='lat' dir='ltr'>exigere,</span> <span class='ocrx_word' id='word_1_414' title='bbox 1408 4874 1540 4938; x_wconf 90' lang='lat' dir='ltr'>clamare</span> <span class='ocrx_word' id='word_1_415' title='bbox 1564 4874 1610 4938; x_wconf 83' lang='lat' dir='ltr'>uel</span> <span class='ocrx_word' id='word_1_416' title='bbox 1633 4874 1791 4938; x_wconf 84' lang='lat' dir='ltr'>vendicare</span> <span class='ocrx_word' id='word_1_417' title='bbox 1812 4878 1981 4955; x_wconf 88' lang='lat' dir='ltr'>poterimus</span> <span class='ocrx_word' id='word_1_418' title='bbox 2003 4873 2180 4951; x_wconf 82' lang='lat' dir='ltr'>inlaturum,</span> <span class='ocrx_word' id='word_1_419' title='bbox 2202 4881 2249 4936; x_wconf 88' lang='lat' dir='ltr'>set</span> 
     </span>
     <span class='ocr_line' id='line_1_33' title="bbox 409 4991 2247 5074; baseline -0.002 -18"><span class='ocrx_word' id='word_1_420' title='bbox 409 4993 449 5056; x_wconf 90' lang='lat' dir='ltr'>ab</span> <span class='ocrx_word' id='word_1_421' title='bbox 472 4992 554 5054; x_wconf 91' lang='lat' dir='ltr'>omni</span> <span class='ocrx_word' id='word_1_422' title='bbox 576 4993 693 5054; x_wconf 83' lang='lat' dir='ltr'>achone</span> <span class='ocrx_word' id='word_1_423' title='bbox 716 4993 791 5055; x_wconf 88' lang='lat' dir='ltr'>iuris</span> <span class='ocrx_word' id='word_1_424' title='bbox 811 4998 842 5054; x_wconf 90' lang='lat' dir='ltr'>et</span> <span class='ocrx_word' id='word_1_425' title='bbox 863 4991 972 5056; x_wconf 89' lang='lat' dir='ltr'>clamei</span> <span class='ocrx_word' id='word_1_426' title='bbox 993 4991 1109 5073; x_wconf 85' lang='lat' dir='ltr'>ahquid</span> <span class='ocrx_word' id='word_1_427' title='bbox 1131 4991 1202 5056; x_wconf 88' lang='lat' dir='ltr'>lude</span> <span class='ocrx_word' id='word_1_428' title='bbox 1223 4993 1345 5072; x_wconf 90' lang='lat' dir='ltr'>petendi</span> <span class='ocrx_word' id='word_1_429' title='bbox 1367 4993 1501 5056; x_wconf 91' lang='lat' dir='ltr'>totaliter</span> <span class='ocrx_word' id='word_1_430' title='bbox 1521 4994 1617 5056; x_wconf 88' lang='lat' dir='ltr'>simus</span> <span class='ocrx_word' id='word_1_431' title='bbox 1639 4993 1754 5057; x_wconf 84' lang='lat' dir='ltr'>exclusi</span> <span class='ocrx_word' id='word_1_432' title='bbox 1775 4995 1998 5074; x_wconf 87' lang='lat' dir='ltr'>imperpetuum</span> <span class='ocrx_word' id='word_1_433' title='bbox 2013 5009 2069 5072; x_wconf 89' lang='lat' dir='ltr'>per</span> <span class='ocrx_word' id='word_1_434' title='bbox 2082 4999 2247 5072; x_wconf 85' lang='lat' dir='ltr'>presentes.</span> 
     </span>
     <span class='ocr_line' id='line_1_34' title="bbox 410 5106 2248 5192; baseline -0.001 -20"><span class='ocrx_word' id='word_1_435' title='bbox 410 5110 443 5172; x_wconf 94' lang='lat' dir='ltr'>ln</span> <span class='ocrx_word' id='word_1_436' title='bbox 465 5109 551 5173; x_wconf 91' lang='lat' dir='ltr'>cuius</span> <span class='ocrx_word' id='word_1_437' title='bbox 574 5109 618 5172; x_wconf 88' lang='lat' dir='ltr'>rei</span> <span class='ocrx_word' id='word_1_438' title='bbox 642 5110 844 5174; x_wconf 86' lang='lat' dir='ltr'>testimouium</span> <span class='ocrx_word' id='word_1_439' title='bbox 866 5109 936 5173; x_wconf 90' lang='lat' dir='ltr'>hnic</span> <span class='ocrx_word' id='word_1_440' title='bbox 957 5111 1091 5190; x_wconf 90' lang='lat' dir='ltr'>presenti</span> <span class='ocrx_word' id='word_1_441' title='bbox 1113 5113 1228 5189; x_wconf 90' lang='lat' dir='ltr'>scripto</span> <span class='ocrx_word' id='word_1_442' title='bbox 1250 5127 1319 5174; x_wconf 90' lang='lat' dir='ltr'>meo</span> <span class='ocrx_word' id='word_1_443' title='bbox 1340 5110 1475 5192; x_wconf 84' lang='lat' dir='ltr'>sigillum</span> <span class='ocrx_word' id='word_1_444' title='bbox 1499 5127 1599 5174; x_wconf 89' lang='lat' dir='ltr'>meum</span> <span class='ocrx_word' id='word_1_445' title='bbox 1629 5112 1769 5191; x_wconf 90' lang='lat' dir='ltr'>apposui.</span> <span class='ocrx_word' id='word_1_446' title='bbox 1820 5109 1885 5173; x_wconf 88' lang='lat' dir='ltr'>lliis</span> <span class='ocrx_word' id='word_1_447' title='bbox 1910 5110 2052 5174; x_wconf 86' lang='lat' dir='ltr'>testibus:</span> <span class='ocrx_word' id='word_1_448' title='bbox 2086 5106 2248 5173; x_wconf 84' lang='lat' dir='ltr'>hedewico</span> 
     </span>
     <span class='ocr_line' id='line_1_35' title="bbox 410 5223 2247 5311; baseline -0.001 -21"><span class='ocrx_word' id='word_1_449' title='bbox 410 5226 499 5305; x_wconf 86' lang='lat' dir='ltr'>lohn,</span> <span class='ocrx_word' id='word_1_450' title='bbox 520 5225 660 5289; x_wconf 87' lang='lat' dir='ltr'>lohauue</span> <span class='ocrx_word' id='word_1_451' title='bbox 681 5223 917 5307; x_wconf 85' lang='lat' dir='ltr'>Coruewaleys,</span> <span class='ocrx_word' id='word_1_452' title='bbox 950 5225 1067 5292; x_wconf 86' lang='lat' dir='ltr'>Thema</span> <span class='ocrx_word' id='word_1_453' title='bbox 1090 5225 1213 5310; x_wconf 78' lang='lat' dir='ltr'>Gwyn,</span> <span class='ocrx_word' id='word_1_454' title='bbox 1241 5227 1379 5292; x_wconf 87' lang='lat' dir='ltr'>lohaune</span> <span class='ocrx_word' id='word_1_455' title='bbox 1401 5226 1572 5310; x_wconf 82' lang='lat' dir='ltr'>Suypstcn,</span> <span class='ocrx_word' id='word_1_456' title='bbox 1606 5227 1722 5293; x_wconf 87' lang='lat' dir='ltr'>Thema</span> <span class='ocrx_word' id='word_1_457' title='bbox 1745 5228 1967 5311; x_wconf 77' lang='lat' dir='ltr'>Walsyngham</span> <span class='ocrx_word' id='word_1_458' title='bbox 1990 5235 2021 5291; x_wconf 90' lang='lat' dir='ltr'>et</span> <span class='ocrx_word' id='word_1_459' title='bbox 2041 5225 2145 5292; x_wconf 89' lang='lat' dir='ltr'>mtdtis</span> <span class='ocrx_word' id='word_1_460' title='bbox 2161 5225 2247 5290; x_wconf 82' lang='lat' dir='ltr'>aliie.</span> 
     </span>
    </p>
   </div>
   <div class='ocr_carea' id='block_1_8' title="bbox 0 0 2512 6256">
    <p class='ocr_par' dir='ltr' id='par_1_8' title="bbox 0 0 2512 6256">
     <span class='ocr_line' id='line_1_36' title="bbox 0 0 2512 6256; baseline 0 0"><span class='ocrx_word' id='word_1_461' title='bbox 0 0 2512 6256; x_wconf 95' lang='lat' dir='ltr'> </span> 
     </span>
    </p>
   </div>
  </div>
 </body>
</html>
