4914 6254
953 541 1062 638 reno,
1088 547 1210 638 rugae
1232 541 1267 614 s.
1828 495 1834 508 ’
1937 547 2017 632 ιιι

195 836 289 900 scisiti
310 839 341 898 in
363 832 515 898 dominico
537 847 593 896 seo
616 831 706 896 etde
728 828 817 896 tendo
839 847 906 910 seo,
929 831 1010 912 (in)
1033 839 1062 894 et
1083 829 1121 895 de
1142 831 1282 896 omuibus
1305 831 1392 896 tern's
1413 837 1443 895 et
1464 831 1650 908 tenementis,
1673 829 1849 908 redditibus,
1873 833 2020 896 reversio-

195 953 283 1018 nibus
308 961 337 1018 ιι
358 953 493 1017 serviciis
515 950 668 1030 predictis,
690 953 721 1015 in
744 951 832 1014 dietis
854 949 1007 1031 parochiis
1034 945 1189 1015 Omnium
1212 944 1407 1014 Sanctorum
1428 945 1616 1031 adsonem,
1639 948 1913 1026 senctiPencraeii,
1937 930 2021 1015 beute

193 1073 288 1136 Murio
309 1069 486 1148 Coicbireb,
517 1071 613 1133 suncti
635 1067 756 1132 Martini
778 1065 904 1133 Pomers'
921 1061 954 1132 ἰι
975 1069 1072 1133 suncti
1093 1067 1250 1132 Luereneii
1274 1069 1303 1130 in
1326 1067 1419 1131 veteri
1438 1066 1595 1132 iudeismo
1618 1071 1648 1130 in
1671 1067 1789 1132 civitate
1811 1065 1966 1146 bordon,
1995 1078 2024 1134 ιι

194 1195 226 1257 ie
247 1189 393 1274 parocbia
414 1191 510 1256 suncti
531 1187 675 1266 Botutpbi
697 1196 782 1252 extre
804 1187 1033 1270 tideriebegme
1053 1189 1085 1252 in
1113 1189 1259 1252 seberbio
1288 1185 1422 1252 eiusdem
1451 1188 1594 1265 civitatis3
1611 1187 1647 1266 ¹)
1673 1186 1812 1253 habende
1838 1196 1868 1253 et
1896 1188 2022 1253 tenende

196 1315 297 1379 omnin
319 1305 465 1391 predicte,
486 1316 584 1374 terres
606 1316 635 1372 et
656 1314 834 1383 tenemento,
857 1306 1003 1384 redditus,
1021 1308 1211 1372 reversiones
1232 1313 1262 1371 et
1282 1306 1420 1383 servicis,
1443 1321 1510 1370 oum
1529 1307 1668 1372 omnibus
1687 1316 1716 1374 ιι
1731 1307 1860 1392 singuiis
1875 1311 1938 1374 seis
1955 1327 2025 1390 per-

195 1430 343 1508 sineretis,
366 1437 398 1496 ιιι
419 1427 587 1509 predictum
609 1435 665 1505 est,
685 1424 811 1506 pretatis
831 1424 961 1490 dobenni
982 1425 1077 1506 Νιιιι,
1099 1424 1230 1490 ilenrico
1247 1424 1392 1507 Frowplc,
1414 1423 1545 1491 dobenui
1564 1422 1864 1508 GreceAEWiliieimo
1879 1426 2025 1510 Kirkebp,
2050 1407 2053 1416 ’

197 1557 226 1619 ιι
247 1547 379 1613 Ιιιιιιιι
400 1547 497 1628 bevy,
519 1561 685 1626 eorumque
706 1545 867 1613 heredibus
887 1552 917 1608 et
938 1547 1101 1628 migretis
1122 1547 1359 1624 imperpetuum,
1393 1551 1484 1625 prout
1511 1561 1567 1624 per
1588 1553 1703 1610 certem
1724 1545 1809 1612 ilium
1831 1545 1950 1628 plenius
1971 1565 2027 1627 up-

197 1674 301 1751 peret:
323 1669 445 1745 etquis
467 1663 595 1745 predicti
614 1664 767 1729 dobannes
789 1661 901 1742 Graec,
937 1663 1121 1730 Wiliielmns
1142 1663 1277 1744 Kirkeby
1300 1670 1329 1727 et
1350 1661 1498 1731 Ricardus
1520 1662 1604 1744 bary
1632 1664 1772 1728 obierunt
1798 1665 1893 1730 scisiti
1919 1667 1949 1730 in
1972 1667 2027 1731 do

198 1788 309 1852 minieo
331 1801 388 1850 seo
410 1785 501 1849 etde
523 1783 613 1848 tendo
634 1799 700 1861 seo,
723 1783 812 1848 etde
833 1783 975 1849 omnibus
997 1786 1088 1848 terris
1109 1791 1138 1848 et
1159 1783 1352 1859 tenementis,
1385 1781 1566 1860 redditibus,
1601 1782 1822 1848 reversionibus
1844 1793 1873 1848 et
1894 1786 2028 1850 serviciis

200 1905 353 1987 predictis,
376 1907 407 1968 in
429 1903 517 1968 dietis
537 1901 690 1982 parochiis
716 1896 872 1968 Omnium
895 1899 1090 1970 Sanctorum
1112 1899 1156 1968 od
1176 1899 1297 1984 senem,
1321 1902 1418 1964 suncti
1439 1900 1605 1990 Pencroeii,
1630 1903 1716 1968 beate
1738 1903 1833 1968 bierie
1855 1901 2028 1983 Cotcbirob,

198 2027 294 2090 seneti
316 2022 433 2088 Martini
455 2021 590 2098 Pomers,
611 2028 641 2084 ιι
661 2021 757 2084 saneti
778 2019 947 2098 beereoeii,
962 2021 1000 2099 ι)
1022 2029 1091 2102 post
1112 2036 1242 2101 quornm
1264 2027 1392 2085 mortem
1414 2017 1543 2100 predicti
1562 2019 1726 2104 ilenrieus,
1760 2029 1848 2101 peter
1868 2039 1969 2099 meus,
1998 2033 2028 2088 et

199 2144 350 2209 tobeenes
370 2139 454 2206 Neett
475 2141 708 2222 supervixerunt
727 2148 757 2204 ιι
777 2155 811 2204 se
833 2148 990 2206 tenuerent
1010 2141 1043 2206 in
1064 2139 1204 2204 omnibus
1225 2138 1338 2204 eisdem
1362 2140 1450 2204 terris
1472 2147 1502 2202 et
1520 2144 1707 2218 tenementis,
1729 2140 1904 2219 redditibus,
1928 2157 2029 2206 rever-

199 2262 334 2327 sionibus
356 2268 386 2324 et
406 2261 542 2324 serviciis
564 2276 620 2339 per
641 2260 689 2324 ies
710 2259 912 2336 accrescendi,
935 2267 964 2323 ιι
985 2258 1107 2324 inerunt
1128 2258 1199 2323 inde
1221 2258 1332 2342 seisiti,
1366 2257 1542 2336 (videlicet,
1571 2259 1725 2338 predictus
1746 2258 1910 2340 deuncos,
1943 2269 2032 2340 peter

199 2396 294 2458 meus,
317 2381 349 2442 in
369 2379 522 2446 dominico
543 2394 599 2442 seo
622 2386 655 2442 et
675 2375 713 2442 de
734 2376 835 2459 feodo,
858 2387 888 2442 et
908 2379 1063 2461 predictus
1077 2375 1306 2442 tonenestteett
1328 2378 1358 2441 in
1381 2376 1536 2459 dominico,
1554 2395 1610 2442 seo
1632 2385 1664 2443 et
1685 2377 1837 2444 delibero
1852 2388 2030 2460 tenemento,

201 2517 237 2566 eo
259 2499 341 2579 quod
363 2495 519 2578 protessus
540 2495 636 2575 ieit3]
659 2505 689 2561 et
708 2505 816 2577 postea
838 2496 966 2577 predicti
988 2495 1146 2576 ilenriees,
1167 2503 1254 2576 peter
1275 2512 1377 2574 meus,
1412 2504 1443 2562 et
1462 2495 1619 2562 Jobnnnes
1640 2497 1715 2562 Neei
1735 2497 1876 2562 obienmt
1896 2501 1940 2564 sio
1960 2499 2034 2564 inde

202 2619 308 2694 scisiti,
332 2616 480 2698 (sedicet,
502 2617 601 2696 primo
623 2615 702 2682 idem
723 2615 870 2682 Henriees
892 2624 922 2681 et
942 2615 1051 2684 deiude
1072 2615 1171 2682 dictes
1192 2615 1265 2680 Neci
1271 2615 1307 2694 3)
1336 2624 1405 2697 pon
1432 2633 1564 2696 quemn
1592 2625 1721 2684 mortem
1742 2619 1874 2684 reversio
1896 2620 2032 2685 omnium

202 2748 351 2803 terrerem
373 2745 403 2802 et
423 2741 671 2812 tenementorem,
694 2733 880 2810 reddituum,
913 2736 1118 2801 reversionem
1139 2743 1169 2798 et
1189 2736 1384 2800 serviciorem
1411 2733 1631 2816 predictorum,
1666 2753 1735 2802 cem
1757 2738 1969 2819 pertinenciis,
2002 2742 2035 2804 in

203 2857 347 2940 predictis
368 2854 523 2937 parochiis
550 2850 710 2922 Omnium
729 2849 924 2920 Soeetomem
945 2851 991 2920 nd
1011 2850 1141 2936 sonem,
1174 2855 1271 2920 saneti
1293 2852 1468 2932 Peuerocii,
1502 2854 1588 2919 beute
1610 2855 1705 2920 iderie
1726 2853 1903 2935 Guicbireb,
1936 2862 2034 2922 suncti

203 2977 324 3042 Martini
346 2975 469 3041 Pomers
502 2982 532 3038 ιι
553 2975 649 3038 suncti
677 2971 851 3052 Leuremii,
883 2973 1081 3050 siteetorem,
1115 2969 1206 3036 miebt
1239 2969 1356 3052 protero
1384 2970 1518 3050 Tbome,
1551 2981 1586 3037 et
1617 2973 1680 3038 ιιιιι
1712 2982 1743 3038 ιι
1773 2945 1878 3041 benedi
1905 2976 2033 3058 predicti

204 3095 341 3173 tteuriei,
362 3096 458 3176 putris
480 3095 555 3172 mei,
576 3095 642 3160 iere
663 3091 847 3158 hereditario
869 3091 1086 3166 descendebat:
1115 3091 1255 3156 noveritis
1276 3107 1325 3156 me
1346 3089 1497 3172 prefatum
1518 3091 1668 3158 neome-
1690 3095 1859 3172 remisisse,
1878 3096 2036 3162 relaxasse

205 3223 235 3280 et
261 3217 383 3278 omnino
412 3212 449 3277 de
478 3228 526 3280 me
553 3219 584 3276 et
609 3211 770 3279 heredibus
797 3213 872 3276 meis
898 3215 1119 3292 imperpetuum
1149 3212 1281 3290 quietem
1310 3209 1459 3276 danesse
1481 3208 1669 3298 biorperete
1690 3211 1767 3280 Fies
1787 3211 1911 3282 Robore
1934 3215 2034 3293 vidue,

207 3348 304 3412 nuper
334 3333 424 3398 exori
454 3330 576 3396 Roberti
609 3329 671 3392 Fite
704 3329 832 3407 liubert,
872 3329 926 3394 titii
959 3331 1072 3395 Robert
1104 3329 1165 3395 Fitn
1198 3327 1325 3405 bobert,
1365 3345 1463 3410 nuper
1496 3331 1570 3394 civis
1602 3339 1632 3396 ιι
1664 3333 1781 3414 proceri
1814 3331 1966 3412 Loudon„
2003 3337 2034 3397 iu

205 3451 340 3518 eiusdem
361 3449 531 3532 Margarete
552 3449 642 3529 plene
664 3455 694 3512 ιι
714 3447 840 3528 peeibee
867 3465 903 3512 ee
925 3449 1065 3515 mutinen
1088 3447 1280 3528 possessione
1301 3447 1498 3514 existentibus
1524 3456 1554 3512 ιι
1574 3447 1738 3514 heredibus
1757 3451 1837 3528 seis,
1871 3458 1966 3515 toturn
1987 3455 2036 3516 ius

207 3586 324 3648 meum,
357 3575 486 3650 statem,
521 3566 654 3646 titutum,
687 3566 853 3643 elemeem,
885 3565 1066 3632 demendam
1095 3575 1125 3631 ιι
1152 3567 1311 3642 interesse,
1344 3581 1403 3644 que
1431 3581 1565 3647 unquam
1593 3566 1702 3646 hebui,
1736 3568 1834 3633 bebeo
1856 3586 1910 3634 seu
1931 3569 2036 3650 utiquo

206 3687 297 3756 modo
325 3691 391 3753 iere
418 3687 467 3752 vei
493 3687 581 3752 tituto
606 3689 639 3750 in
667 3685 802 3753 tetrorum
830 3683 942 3750 bebere
969 3694 1094 3766 potero,
1127 3683 1164 3750 de
1193 3693 1223 3748 et
1244 3685 1274 3746 in
1302 3683 1442 3749 omnibus
1469 3687 1556 3750 terris
1585 3695 1615 3750 et
1636 3690 1826 3768 tenementis,
1859 3688 2036 3769 redditibus,

206 3809 428 3876 reversionibus
449 3814 479 3872 et
499 3806 635 3870 serviciis
656 3804 816 3886 predictis,
843 3819 913 3870 cem
933 3805 996 3868 suis
1018 3803 1228 3884 pertinenciis,
1256 3803 1287 3868 iu
1308 3801 1452 3884 predictis
1473 3803 1627 3884 peruebiis
1653 3801 1807 3872 &eciem
1827 3804 2034 3894 Sonetomen,

208 3929 305 3995 suncti
325 3927 475 3992 Pancratii
497 3933 526 3991 et
546 3927 640 3990 seueri
663 3922 823 3992 Luereucii
843 3925 972 3988 civitatis
1000 3922 1145 4003 predicte.
1160 3922 1196 4001 ι)
1240 3921 1298 4000 ιιι,
1329 3919 1466 3990 videlieet
1487 3924 1571 4002 quod
1591 3939 1645 3990 nee
1667 3940 1724 4008 ego
1746 3924 1882 4005 prointus
1903 3926 2036 3992 ibomus
2088 3903 2091 3910 Δ

207 4045 355 4125 Frovrpir,
388 4061 442 4110 nec
474 4043 600 4110 heredes
628 4045 703 4120 mei,
737 4059 792 4106 nee
818 4042 930 4122 aliquis
958 4042 1036 4106 eiius
1070 4042 1245 4123 pronubis
1276 4058 1331 4108 see
1359 4043 1482 4108 ιιιιιιι,
1507 4051 1629 4121 nostro,
1661 4043 1790 4124 ubqecd
1813 4047 1878 4124 ins,
1911 4054 2035 4125 statum,

209 4163 348 4245 nedum,
382 4162 545 4239 ctemeem,
577 4161 757 4228 demendam
786 4177 840 4226 see
867 4163 1027 4239 interesse,
1061 4160 1099 4228 de
1126 4169 1157 4225 et
1178 4162 1209 4223 in
1238 4159 1350 4228 eisdem
1379 4163 1467 4228 terris
1494 4170 1523 4226 et
1549 4166 1725 4228 tenementis
1746 4179 1817 4228 eum
1837 4167 1944 4228 ceteris
1963 4183 2037 4250 pre·

209 4283 331 4359 missis,
358 4297 411 4344 see
440 4283 471 4342 ιι
496 4279 599 4360 otique
620 4279 689 4344 inde
710 4281 863 4360 parcella,
890 4280 928 4345 de
956 4288 1055 4346 cetero
1082 4281 1202 4365 erigere
1229 4280 1362 4346 etemere
1389 4297 1444 4348 see
1470 4281 1628 4346 vendicare
1656 4285 1823 4362 poterimus
1849 4290 1901 4346 net
1926 4285 2039 4364 poterit

209 4403 241 4468 in
263 4399 399 4465 interum
420 4398 474 4464 sed
495 4399 534 4462 ab
557 4397 793 4476 subiectione,
820 4401 900 4477 iere,
928 4400 1032 4478 tituto,
1064 4400 1197 4478 clemen,
1227 4399 1376 4467 demands
1397 4418 1452 4466 see
1473 4402 1619 4466 interesse
1641 4399 1711 4466 inde
1739 4399 1875 4481 petendis
1904 4403 2039 4468 totaliter

211 4536 317 4588 semes
348 4517 463 4582 exclusi
494 4517 715 4597 imperpetuum
747 4533 802 4597 per
833 4526 998 4596 presentes.
1052 4517 1086 4582 tn
1118 4521 1204 4584 enies
1244 4520 1288 4584 rei
1320 4521 1524 4586 testimouium
1557 4519 1627 4583 buic
1659 4519 1792 4600 presenti
1823 4524 1939 4601 scripto
1970 4539 2039 4588 meo

212 4639 347 4723 similem
376 4651 477 4704 meum
503 4637 644 4717 apposni.
687 4633 796 4700 Datum
824 4645 930 4702 octavo
957 4635 1005 4702 die
1032 4639 1145 4704 mensis
1166 4638 1311 4724 tergesti,
1343 4657 1423 4705 euno
1452 4639 1539 4724 regni
1565 4641 1647 4724 regis
1670 4636 1816 4706 tidvvurdi
1841 4643 1941 4719 quere
1970 4649 2040 4724 post

214 4766 409 4838 conquestum
430 4755 559 4820 decimo.

371 5078 394 5142 ¹)
421 5079 458 5130 ιιι
478 5078 563 5130 tebten
583 5079 638 5132 bier
656 5079 713 5132 riso
732 5079 774 5132 dte
791 5079 891 5132 ltecbte
908 5081 936 5134 ιι
955 5081 1046 5135 beiden
1066 5088 1271 5145 ersmenunuteu
1289 5081 1386 5146 obtenu
1403 5083 1463 5134 eebt
1479 5082 1673 5146 ittrebepteten.
1867 5084 1893 5149 ²)
1920 5083 1957 5135 Es
1976 5084 2040 5136 tebit

218 5165 273 5216 bier
291 5165 348 5216 dies
367 5165 443 5216 tetzte
461 5164 507 5216 der
525 5171 720 5229 vorgenenoteu
739 5165 913 5230 Kirebspieie·
1102 5166 1128 5231 ³)
1155 5165 1219 5220 Hier
1237 5167 1297 5220 sind
1315 5166 1372 5219 uteo
1396 5167 1462 5222 surb
1480 5167 1524 5220 die
1540 5167 1709 5230 nncmprete
1727 5167 1765 5220 St.
1784 5167 1859 5232 bterp
1877 5167 2038 5224 Gctecbereb

217 5250 271 5301 nod
289 5249 327 5302 St.
345 5247 442 5298 bierttn
461 5248 532 5299 utcbt
548 5251 624 5301 mebr
642 5250 801 5314 eatretinere
1722 5279 1726 5290 ·
1899 5261 1901 5268 ’

1791 5384 1840 5439 lt·
