4866 6264
416 535 502 618 tuo
1016 551 1026 570 ·
1121 527 1439 626 naraoeaenoer
1464 529 1524 602 lt.

412 818 551 896 bowler,
586 817 769 884 cancellario
802 815 917 883 domini
949 818 1032 899 regis
1058 815 1185 882 ducatus
1217 819 1264 882 sui
1294 817 1565 894 baucasteriensis,
1596 814 1748 895 quoddam
1778 815 1965 898 mesuagium
1993 817 2059 880 siue
2084 811 2236 894 quanm

414 939 543 1015 coriam
566 945 702 1002 vocatam
724 937 753 1002 le
775 934 936 1021 Stolebos,
959 935 1035 1000 alias
1058 932 1087 1001 le
1110 932 1298 1024 Stgleqerd,
1319 940 1459 1000 situatum
1486 937 1519 999 io
1540 934 1684 1016 parocbia
1706 933 1850 998 Omnium
1871 932 2051 999 senmurum
2072 947 2184 1014 magna
2205 935 2235 996 iu

412 1053 620 1122 Themestrete
640 1055 809 1135 Loudonic,
838 1073 873 1120 ac
896 1057 997 1120 omnia
1018 1053 1096 1133 alia,
1119 1063 1233 1134 terras,
1258 1063 1434 1133 tenemento,
1456 1063 1485 1118 et
1506 1057 1729 1134 possessiones,
1751 1061 1854 1118 nostra
1876 1069 1944 1118 eum
1965 1053 2029 1117 suis
2049 1052 2236 1133 pertiuentiis

412 1176 443 1240 iu
464 1174 569 1240 eadem
591 1174 746 1255 parocbia,
769 1191 828 1255 que
849 1173 1003 1254 quondam
1023 1171 1145 1238 tlrerunt
1160 1173 1306 1239 lobannis
1327 1173 1496 1256 lleyuwell
1518 1189 1615 1254 nuper
1635 1175 1760 1238 maioris
1779 1173 1909 1237 ciuitatis
1930 1170 2075 1252 predicte,
2097 1169 2236 1234 babeoda
2353 1251 2359 1262 ⁸

412 1301 441 1358 et
464 1294 590 1361 tenende
612 1293 743 1372 eisdem,
765 1293 884 1371 comiti,
906 1292 1037 1357 lobaooi
1050 1290 1113 1374 Say
1134 1301 1163 1356 et
1184 1291 1314 1357 Ricardo
1335 1311 1353 1356 a
1374 1291 1451 1358 testo
1473 1295 1567 1357 sancti
1588 1291 1743 1356 llicbaelis
1765 1289 1939 1372 archangeli
1960 1293 2020 1354 iam
2041 1288 2146 1354 enimc
2167 1303 2237 1368 pre·

412 1415 607 1498 teritovsque
630 1412 739 1478 lestom
761 1411 874 1494 pasche
894 1413 1032 1491 proxime
1053 1411 1204 1498 lutorpm3
1226 1410 1380 1476 reddendo
1401 1411 1471 1476 iude
1493 1411 1579 1476 uobis
1602 1411 1870 1476 etsoecessoribus
1892 1411 2004 1474 uostris
2018 1409 2236 1492 quinquaginta

412 1530 488 1596 duas
505 1531 610 1610 libras,
633 1530 737 1596 decem
755 1539 823 1596 octo
839 1529 953 1596 solidos
970 1539 1000 1594 et
1015 1531 1118 1596 decem
1137 1529 1277 1595 denarios
1296 1530 1510 1612 sterlingorum
1525 1527 1564 1594 ad
1582 1527 1658 1594 festa
1675 1519 1783 1594 natulis
1794 1528 1915 1594 Domini
1930 1537 1960 1592 et
1970 1526 2085 1592 Pasebe
2098 1527 2235 1608 proxime

411 1652 473 1716 iam
492 1651 657 1730 sequeutia,
679 1666 736 1732 per
752 1649 873 1729 equales
891 1651 1052 1729 porciones
1070 1648 1226 1725 soluenda,
1249 1657 1339 1730 prout
1357 1665 1412 1730 per
1428 1649 1554 1714 eaodem
1573 1649 1763 1714 indenturam
1780 1649 1901 1728 plenius
1917 1655 2069 1728 apparete
2081 1647 2237 1722 ueneritis,

412 1759 481 1849 uos,
511 1766 662 1848 prelatum
684 1768 831 1832 maiorem
852 1777 881 1832 et
903 1769 1118 1845 camerarium,
1148 1769 1298 1848 recepisse
1324 1776 1353 1831 et
1379 1767 1520 1834 babuisse
1549 1767 1598 1832 die
1619 1765 1814 1833 consectionis
1835 1768 2020 1854 presentium
2042 1764 2080 1830 de
2100 1763 2237 1847 predicto

411 1886 541 1953 Ricardo
562 1886 683 1952 Fowler
704 1889 922 1970 quinquaginta
943 1887 1021 1953 duas
1042 1888 1146 1965 libras,
1169 1886 1273 1952 decem
1295 1894 1363 1950 octo
1386 1885 1501 1952 solidos
1523 1897 1552 1952 ct
1573 1887 1677 1953 decena
1698 1886 1839 1960 denarios
1860 1889 1891 1949 io
1912 1885 2033 1966 menam
2056 1885 2236 1949 solutionem

410 2006 537 2087 predicti
564 2004 715 2084 redditus,
749 2007 781 2070 io
803 2005 882 2070 dicta
911 2006 1070 2072 indentura
1096 2005 1275 2085 specificati,
1305 2019 1362 2085 pro
1383 2005 1527 2086 predictis
1554 2007 1688 2072 terminis
1716 2005 1827 2071 natalis
1848 2004 1968 2068 llomioi
1989 2013 2018 2068 et
2037 2002 2170 2082 Pascbe,
2200 2019 2236 2066 ac

410 2124 523 2191 eisdem
535 2126 649 2208 comiti,
661 2124 791 2190 iohanni
802 2122 863 2207 Say
875 2133 905 2188 et
915 2123 1046 2190 llioardo
1057 2125 1177 2190 Fowler
1193 2125 1378 2190 concessisse
1395 2141 1451 2206 per
1466 2133 1632 2206 presentes,
1651 2125 1732 2205 qood
1743 2125 1802 2206 ipsi
1813 2125 1850 2189 de
1861 2123 2009 2189 solutione
2018 2122 2234 2203 predictorum,

408 2245 627 2328 quinquaginta
638 2243 766 2311 duarum
775 2244 935 2323 librarum,
946 2245 1050 2313 ducem
1060 2253 1129 2310 octo
1140 2243 1308 2310 solidorum
1319 2252 1349 2307 et
1359 2244 1462 2310 decem
1473 2243 1677 2320 denariorum,
1689 2243 1805 2308 indicta
1816 2242 1974 2307 inductura
1985 2241 2234 2323 specificatomm,

408 2364 441 2427 in
462 2371 618 2443 posterum
638 2361 777 2430 iacienda
805 2365 865 2427 sint
885 2365 1005 2455 penitus
1026 2365 1118 2443 quieti
1147 2371 1176 2428 et
1197 2365 1351 2428 exonerati
1379 2379 1415 2428 ae
1437 2361 1627 2429 omnimodas
1648 2364 1787 2428 acciones
1809 2369 1839 2427 et
1860 2361 2024 2426 demandas
2045 2377 2103 2442 pro
2124 2359 2234 2426 eisdem

408 2481 540 2546 denariis
558 2481 682 2564 prelatis
700 2483 812 2560 comiti,
834 2481 966 2546 lobauui
977 2480 1040 2564 Say
1051 2491 1081 2546 et
1092 2481 1221 2546 Ricardo
1237 2484 1388 2547 remisisse
1406 2490 1436 2546 et
1451 2481 1605 2545 relaxasse
1621 2498 1677 2561 per
1692 2490 1845 2564 presentes
1851 2499 1862 2559 ;
1885 2484 1926 2545 ita
1945 2481 2025 2562 quod
2038 2497 2094 2545 uos
2111 2479 2234 2561 perinde

408 2603 503 2683 ipsos,
525 2604 676 2680 comitem,
692 2601 860 2664 lobaonem
872 2608 902 2664 et
911 2599 1073 2665 Ricardum
1091 2601 1122 2665 io
1138 2609 1293 2682 posterum
1309 2615 1371 2667 uou
1386 2600 1613 2665 molestabimus
1631 2619 1685 2665 uec
1703 2602 1898 2684 grauabimus
1910 2617 2032 2681 quoquo
2044 2600 2145 2677 modo,
2167 2617 2234 2681 pre·

409 2717 666 2786 dictisiudeutoru
678 2719 1045 2800 etdimissioneiualiquo
1057 2721 1327 2786 nonobstantibus.
1348 2719 1473 2786 luculos
1486 2721 1743 2786 reitestimouium
1755 2718 2232 2804 tamsigillomoidciimaiorutos

409 2839 540 2905 ciuitatis
560 2837 713 2920 predicte,
741 2854 833 2919 quam
855 2839 990 2922 sigillum
1018 2837 1111 2904 offleii
1138 2841 1297 2905 camerarii
1319 2839 1452 2904 ciusdem
1474 2840 1604 2906 ciuitatis
1625 2841 1815 2919 presentibus
1841 2837 1982 2904 duxioms
2010 2838 2229 2921 apponendum.

408 2956 517 3025 Datum
539 2958 750 3025 terciodecimo
772 2957 821 3022 die
841 2956 1026 3038 Decembris,
1049 2974 1128 3024 auno
1150 2960 1237 3044 regui
1258 2957 1351 3042 Regis
1372 2957 1518 3023 Edwardi
1539 2959 1640 3038 quarti
1665 2967 1736 3039 post
1757 2967 1953 3038 conquestum
1975 2959 2208 3039 quartodecimo.

409 3175 613 3265 cxxvi.
655 3184 779 3288 Kbreiq
801 3183 973 3264 Edscord
994 3183 1060 3264 IV.
1087 3184 1243 3266 eribeilt
1265 3185 1341 3266 dore
1363 3183 1592 3287 Konflettlco
1615 3210 1687 3266 ooo
1712 3186 1783 3266 der
1804 3187 2018 3268 dettlacboo
2042 3186 2233 3267 Gildbullc

472 3337 600 3440 freiero
629 3335 787 3418 Hoodei
813 3343 854 3416 iro
883 3335 1068 3441 Etoqioad
1094 3339 1176 3418 ond
1206 3340 1281 3421 dere
1310 3339 1454 3421 necao
1483 3337 1555 3418 der
1585 3337 1825 3444 itboigiicbeo
1856 3341 1967 3422 zoile
1998 3341 2057 3420 bis
2085 3359 2168 3421 acm

778 3490 948 3594 Beloefe
975 3515 1049 3571 ccc
1079 3489 1246 3593 10,000
1260 3493 1305 3572 ἰ.
1366 3491 1482 3595 1t721,
1513 3491 1724 3573 December
1747 3492 1864 3596 14¹)

559 3672 746 3753 Edwardos,
767 3673 823 3738 liei
844 3674 947 3757 gracia
969 3689 1024 3738 rex
1046 3671 1154 3759 buglie
1175 3683 1205 3740 et
1226 3677 1350 3740 Francie
1370 3684 1402 3740 et
1421 3675 1561 3740 domiuus
1583 3673 1741 3753 Hiberuie,
1764 3677 1902 3740 omnibus
1924 3677 1963 3742 ad
1985 3693 2062 3756 quos
2082 3685 2234 3756 presentes

410 3791 495 3855 litere
515 3793 725 3872 perueneriut,
757 3792 897 3856 salutem.
941 3787 1050 3856 Sciatis
1076 3791 1157 3872 quod
1180 3809 1251 3873 uos,
1285 3793 1510 3876 considerantes
1537 3794 1668 3872 qualiter
1693 3793 1822 3876 grandia
1848 3795 1980 3877 dampna
2001 3792 2233 3863 mercatoribus

409 3905 524 3975 Haase
546 3908 735 3994 theotonice,
758 3912 833 3992 ipsis
854 3909 1001 3990 uidelicet,
1024 3912 1076 3990 qui
1098 3907 1231 3979 Gildom
1252 3911 1363 3980 oulom
1384 3909 1600 3980 theotonicum
1621 3915 1652 3974 in
1668 3910 1804 3979 Loudon.
1822 3913 2003 3992 babuerunt,
2025 3931 2081 3995 per
2100 3915 2235 3980 subditos

410 4043 522 4094 corone
543 4036 645 4093 nostre
666 4029 776 4112 buglis
797 4027 919 4094 fuerunt
940 4029 1045 4108 illuta,
1078 4045 1194 4111 uosque
1215 4031 1350 4096 volentes
1371 4035 1473 4096 omnia
1494 4029 1564 4094 odia
1591 4039 1621 4095 et
1642 4031 1867 4111 displiceueias,
1894 4051 1953 4115 que
1974 4051 2078 4098 versus
2099 4033 2235 4098 subditos

408 4155 530 4212 nostros
552 4156 679 4232 gerunt,
713 4151 874 4230 exstirpari
896 4157 925 4212 et
946 4149 1080 4229 aboleri,
1112 4152 1143 4216 iu
1166 4149 1400 4214 satisfactionem
1423 4158 1451 4213 et
1474 4152 1780 4228 recompensationem
1803 4151 2003 4232 dampnorum
2025 4152 2167 4233 illorum,
2198 4153 2235 4216 de

407 4270 512 4350 gracia
533 4273 637 4332 nostra
658 4265 783 4346 speculi
805 4283 842 4330 ac
863 4283 899 4332 ex
922 4276 1002 4332 certa
1025 4269 1150 4335 suenda
1172 4276 1202 4332 et
1222 4285 1306 4334 mero
1318 4275 1412 4340 ,motu
1433 4268 1562 4346 nostris,
1591 4268 1785 4334 concedimus
1805 4277 1834 4334 et
1855 4269 2005 4336 licentiam
2026 4270 2135 4336 damus
2156 4289 2235 4336 mer-

409 4385 562 4450 catoribus
582 4383 683 4450 llaotc
705 4383 883 4463 tbeutouiee,
905 4387 958 4465 qui
978 4386 1093 4469 gildam
1115 4387 1217 4452 aulam
1239 4387 1405 4467 predictam
1427 4389 1458 4450 in
1481 4389 1602 4452 ciuitate
1622 4385 1760 4454 London.
1783 4389 1919 4471 predicta
1939 4388 2051 4454 babent
2071 4389 2118 4456 vel
2139 4390 2230 4455 bube-

408 4503 500 4587 bnut,
533 4512 563 4568 et
590 4503 628 4568 de
656 4503 739 4586 gilda
766 4502 899 4568 eiusdem
926 4503 995 4568 aule
1024 4508 1189 4584 extiterint,
1221 4504 1303 4586 quod
1331 4507 1390 4586 ipsi
1419 4514 1605 4571 mercatores
1631 4507 1669 4570 de
1690 4507 1775 4590 gilda
1795 4507 1848 4572 illa
1870 4510 2048 4589 existentes,
2083 4513 2184 4575 omnia
2203 4518 2237 4573 et

411 4624 585 4689 omnimoda
607 4621 812 4688 mercandisas
832 4631 862 4687 et
882 4625 1077 4689 mercimonia
1099 4641 1171 4704 sua,
1205 4627 1386 4692 coniunctim
1414 4633 1444 4688 et
1465 4629 1646 4706 separatim,
1670 4643 1688 4690 a
1710 4628 1949 4706 quibuscumque
1969 4629 2107 4709 partibus
2129 4633 2240 4730 exteris

410 4743 443 4804 iu
469 4757 598 4826 reguum
625 4749 764 4806 nostrum
785 4739 893 4824 buglie
914 4741 1064 4808 adducere
1080 4753 1120 4810 ¹et
1146 4743 1258 4810 ibidem
1280 4743 1317 4808 ad
1341 4752 1451 4810 terram
1472 4761 1603 4824 ponere,
1633 4754 1662 4809 et
1684 4746 1743 4811 alia
1766 4746 1970 4814 mercandisas
1992 4755 2022 4811 et
2042 4749 2240 4813 mercimonia

411 4873 466 4924 sua
487 4867 517 4923 et
538 4875 642 4938 corum
663 4859 821 4924 cuiuslibet
842 4868 871 4924 et
891 4862 1109 4942 quorumlibet,
1132 4863 1337 4932 mercandisas
1359 4863 1476 4946 stupule
1497 4880 1558 4930 noo
1580 4867 1756 4944 existentes,
1777 4867 1808 4928 iu
1829 4879 2018 4945 quocumque
2038 4875 2131 4946 portu
2151 4871 2240 4950 regni

413 5007 714 5040 ...n—4—

411 5229 461 5281 Η
508 5143 1125 5284 ¹47313⁰2⁶¹⁰⁰¹hmbu'ss‘m’fflh'ffls
1151 5151 1300 5218 ”lintheo
1323 5153 1372 5204 mlt
1395 5153 1443 5205 des
1461 5152 1577 5218 llb'ulges
1595 5153 1686 5207 Beleni
1709 5167 1743 5207 ao
1764 5153 1838 5207 selue
1855 5155 1981 5207 ltetmteo
1999 5165 2032 5206 ru
2049 5155 2151 5208 lieston
2176 5169 2239 5210 rom

428 5242 490 5285 ure
575 5265 583 5296 ,
698 5265 706 5284 ,
