<?xml version="1.0" encoding="UTF-8"?>
<!DOCTYPE html PUBLIC "-//W3C//DTD XHTML 1.0 Transitional//EN"
    "http://www.w3.org/TR/xhtml1/DTD/xhtml1-transitional.dtd">
<html xmlns="http://www.w3.org/1999/xhtml" xml:lang="en" lang="en">
 <head>
  <title>
</title>
<meta http-equiv="Content-Type" content="text/html;charset=utf-8" />
  <meta name='ocr-system' content='tesseract 3.04.00' />
  <meta name='ocr-capabilities' content='ocr_page ocr_carea ocr_par ocr_line ocrx_word'/>
</head>
<body>
  <div class='ocr_page' id='page_1' title='image "./urkundlichegesc00lappgoog_0259.png"; bbox 0 0 4914 6254; ppageno 0'>
   <div class='ocr_carea' id='block_1_1' title="bbox 390 529 1461 646">
    <p class='ocr_par' dir='ltr' id='par_1_1' title="bbox 390 529 1461 646">
     <span class='ocr_line' id='line_1_1' title="bbox 390 529 1461 646; baseline -0.014 -31"><span class='ocrx_word' id='word_1_1' title='bbox 390 535 444 615; x_wconf 80' lang='grc'><strong>11</strong></span> <span class='ocrx_word' id='word_1_2' title='bbox 660 639 663 646; x_wconf 22' lang='grc' dir='ltr'>Ι</span> <span class='ocrx_word' id='word_1_3' title='bbox 1155 529 1461 624; x_wconf 69' lang='grc'><strong>(11111111.</strong></span> 
     </span>
    </p>
   </div>
   <div class='ocr_carea' id='block_1_2' title="bbox 386 815 2231 1374">
    <p class='ocr_par' dir='ltr' id='par_1_2' title="bbox 386 815 2231 1374">
     <span class='ocr_line' id='line_1_2' title="bbox 390 815 2231 902; baseline 0.002 -21"><span class='ocrx_word' id='word_1_4' title='bbox 390 820 629 901; x_wconf 77' lang='lat' dir='ltr'><strong>transgressione</strong></span> <span class='ocrx_word' id='word_1_5' title='bbox 651 817 733 882; x_wconf 86' lang='lat' dir='ltr'><strong>lanta</strong></span> <span class='ocrx_word' id='word_1_6' title='bbox 755 833 808 882; x_wconf 89' lang='lat' dir='ltr'><strong>scu</strong></span> <span class='ocrx_word' id='word_1_7' title='bbox 831 815 980 894; x_wconf 84' lang='lat' dir='ltr'><strong>iacienda,</strong></span> <span class='ocrx_word' id='word_1_8' title='bbox 1003 832 1060 894; x_wconf 89' lang='lat' dir='ltr'><strong>per</strong></span> <span class='ocrx_word' id='word_1_9' title='bbox 1081 816 1170 893; x_wconf 88' lang='lat' dir='ltr'><strong>alios,</strong></span> <span class='ocrx_word' id='word_1_10' title='bbox 1192 833 1283 896; x_wconf 93' lang='lat' dir='ltr'><strong>quam</strong></span> <span class='ocrx_word' id='word_1_11' title='bbox 1306 834 1362 897; x_wconf 92' lang='lat' dir='ltr'><strong>per</strong></span> <span class='ocrx_word' id='word_1_12' title='bbox 1383 818 1477 896; x_wconf 87' lang='lat' dir='ltr'><strong>ipsos,</strong></span> <span class='ocrx_word' id='word_1_13' title='bbox 1501 831 1560 880; x_wconf 92' lang='lat' dir='ltr'><strong>nou</strong></span> <span class='ocrx_word' id='word_1_14' title='bbox 1583 823 1779 894; x_wconf 84' lang='lat' dir='ltr'><strong>amesteutur,</strong></span> <span class='ocrx_word' id='word_1_15' title='bbox 1802 834 1857 884; x_wconf 91' lang='lat' dir='ltr'><strong>nec</strong></span> <span class='ocrx_word' id='word_1_16' title='bbox 1879 828 2057 902; x_wconf 83' lang='lat' dir='ltr'><strong>grsueutur,</strong></span> <span class='ocrx_word' id='word_1_17' title='bbox 2087 828 2180 901; x_wconf 91' lang='lat' dir='ltr'><strong>prout</strong></span> <span class='ocrx_word' id='word_1_18' title='bbox 2200 825 2231 886; x_wconf 92' lang='lat' dir='ltr'><strong>iu</strong></span> 
     </span>
     <span class='ocr_line' id='line_1_3' title="bbox 389 933 2229 1017; baseline 0.002 -16"><span class='ocrx_word' id='word_1_19' title='bbox 389 937 481 1001; x_wconf 89' lang='lat' dir='ltr'><strong>cartis</strong></span> <span class='ocrx_word' id='word_1_20' title='bbox 504 945 533 1000; x_wconf 91' lang='lat' dir='ltr'><strong>et</strong></span> <span class='ocrx_word' id='word_1_21' title='bbox 555 935 783 1001; x_wconf 82' lang='lat' dir='ltr'><strong>confirmatione</strong></span> <span class='ocrx_word' id='word_1_22' title='bbox 806 935 949 1016; x_wconf 81' lang='lat' dir='ltr'><strong>predictis</strong></span> <span class='ocrx_word' id='word_1_23' title='bbox 970 933 1090 1014; x_wconf 92' lang='lat' dir='ltr'><strong>plenius</strong></span> <span class='ocrx_word' id='word_1_24' title='bbox 1112 935 1300 1000; x_wconf 84' lang='lat' dir='ltr'><strong>continetur:</strong></span> <span class='ocrx_word' id='word_1_25' title='bbox 1330 936 1451 1014; x_wconf 90' lang='lat' dir='ltr'><strong>iamque</strong></span> <span class='ocrx_word' id='word_1_26' title='bbox 1473 953 1510 998; x_wconf 86' lang='lat' dir='ltr'><strong>ex</strong></span> <span class='ocrx_word' id='word_1_27' title='bbox 1531 939 1619 1017; x_wconf 85' lang='lat' dir='ltr'><strong>graui</strong></span> <span class='ocrx_word' id='word_1_28' title='bbox 1641 937 1830 1014; x_wconf 89' lang='lat' dir='ltr'><strong>querimonia</strong></span> <span class='ocrx_word' id='word_1_29' title='bbox 1849 945 2050 1004; x_wconf 86' lang='lat' dir='ltr'><strong>mercatorum</strong></span> <span class='ocrx_word' id='word_1_30' title='bbox 2074 938 2111 1003; x_wconf 88' lang='lat' dir='ltr'><strong>de</strong></span> <span class='ocrx_word' id='word_1_31' title='bbox 2127 938 2229 1005; x_wconf 89' lang='lat' dir='ltr'><strong>liausa</strong></span> 
     </span>
     <span class='ocr_line' id='line_1_4' title="bbox 386 1052 2229 1146; baseline 0.002 -28"><span class='ocrx_word' id='word_1_32' title='bbox 386 1053 579 1132; x_wconf 82' lang='lat' dir='ltr'><strong>blemauuic,</strong></span> <span class='ocrx_word' id='word_1_33' title='bbox 609 1055 639 1118; x_wconf 94' lang='lat' dir='ltr'><strong>iu</strong></span> <span class='ocrx_word' id='word_1_34' title='bbox 662 1065 767 1136; x_wconf 77' lang='lat' dir='ltr'><strong>reguo&#39;</strong></span> <span class='ocrx_word' id='word_1_35' title='bbox 780 1060 884 1118; x_wconf 91' lang='lat' dir='ltr'><strong>nostro</strong></span> <span class='ocrx_word' id='word_1_36' title='bbox 906 1052 1043 1134; x_wconf 89' lang='lat' dir='ltr'><strong>predicto</strong></span> <span class='ocrx_word' id='word_1_37' title='bbox 1066 1052 1104 1115; x_wconf 86' lang='lat' dir='ltr'><strong>ud</strong></span> <span class='ocrx_word' id='word_1_38' title='bbox 1127 1067 1254 1131; x_wconf 79' lang='lat' dir='ltr'>presens</span> <span class='ocrx_word' id='word_1_39' title='bbox 1276 1054 1485 1133; x_wconf 85' lang='lat' dir='ltr'><strong>existentium,</strong></span> <span class='ocrx_word' id='word_1_40' title='bbox 1518 1053 1769 1146; x_wconf 73' lang='lat' dir='ltr'><strong>intellexerimus:</strong></span> <span class='ocrx_word' id='word_1_41' title='bbox 1804 1054 1885 1132; x_wconf 92' lang='lat' dir='ltr'><strong>quod</strong></span> <span class='ocrx_word' id='word_1_42' title='bbox 1916 1055 1988 1120; x_wconf 90' lang='lat' dir='ltr'><strong>licet</strong></span> <span class='ocrx_word' id='word_1_43' title='bbox 2016 1057 2075 1134; x_wconf 90' lang='lat' dir='ltr'><strong>ipsi</strong></span> <span class='ocrx_word' id='word_1_44' title='bbox 2108 1057 2229 1124; x_wconf 86' lang='lat' dir='ltr'><strong>diuersa</strong></span> 
     </span>
     <span class='ocr_line' id='line_1_5' title="bbox 387 1170 2226 1255; baseline 0.002 -18"><span class='ocrx_word' id='word_1_45' title='bbox 387 1173 468 1237; x_wconf 89' lang='lat' dir='ltr'><strong>bona</strong></span> <span class='ocrx_word' id='word_1_46' title='bbox 490 1182 519 1236; x_wconf 91' lang='lat' dir='ltr'><strong>et</strong></span> <span class='ocrx_word' id='word_1_47' title='bbox 540 1171 747 1236; x_wconf 89' lang='lat' dir='ltr'><strong>mercandisas</strong></span> <span class='ocrx_word' id='word_1_48' title='bbox 768 1172 807 1236; x_wconf 92' lang='lat' dir='ltr'><strong>ad</strong></span> <span class='ocrx_word' id='word_1_49' title='bbox 825 1172 958 1236; x_wconf 86' lang='lat' dir='ltr'><strong>valorem</strong></span> <span class='ocrx_word' id='word_1_50' title='bbox 975 1187 1035 1234; x_wconf 90' lang='lat' dir='ltr'><strong>nou</strong></span> <span class='ocrx_word' id='word_1_51' title='bbox 1051 1170 1204 1235; x_wconf 87' lang='lat' dir='ltr'><strong>modicum</strong></span> <span class='ocrx_word' id='word_1_52' title='bbox 1223 1170 1417 1235; x_wconf 82' lang='lat' dir='ltr'><strong>extendencia</strong></span> <span class='ocrx_word' id='word_1_53' title='bbox 1440 1187 1534 1250; x_wconf 86' lang='lat' dir='ltr'><strong>usquc</strong></span> <span class='ocrx_word' id='word_1_54' title='bbox 1555 1171 1694 1236; x_wconf 86' lang='lat' dir='ltr'><strong>diuersos</strong></span> <span class='ocrx_word' id='word_1_55' title='bbox 1716 1180 1823 1253; x_wconf 93' lang='lat' dir='ltr'><strong>portus</strong></span> <span class='ocrx_word' id='word_1_56' title='bbox 1838 1177 1923 1255; x_wconf 84' lang='lat' dir='ltr'><strong>regui</strong></span> <span class='ocrx_word' id='word_1_57' title='bbox 1945 1179 2052 1251; x_wconf 82' lang='lat' dir='ltr'><strong>nostri,</strong></span> <span class='ocrx_word' id='word_1_58' title='bbox 2076 1175 2114 1238; x_wconf 88' lang='lat' dir='ltr'><strong>ad</strong></span> <span class='ocrx_word' id='word_1_59' title='bbox 2138 1194 2173 1241; x_wconf 91' lang='lat' dir='ltr'><strong>ca</strong></span> <span class='ocrx_word' id='word_1_60' title='bbox 2195 1181 2226 1241; x_wconf 92' lang='lat' dir='ltr'><strong>iu</strong></span> 
     </span>
     <span class='ocr_line' id='line_1_6' title="bbox 389 1287 2230 1374; baseline 0.001 -18"><span class='ocrx_word' id='word_1_61' title='bbox 389 1291 495 1357; x_wconf 90' lang='lat' dir='ltr'><strong>eodem</strong></span> <span class='ocrx_word' id='word_1_62' title='bbox 517 1307 613 1374; x_wconf 88' lang='lat' dir='ltr'><strong>regno</strong></span> <span class='ocrx_word' id='word_1_63' title='bbox 636 1299 740 1355; x_wconf 87' lang='lat' dir='ltr'><strong>nostro</strong></span> <span class='ocrx_word' id='word_1_64' title='bbox 763 1292 943 1355; x_wconf 81' lang='lat' dir='ltr'><strong>mercatoris</strong></span> <span class='ocrx_word' id='word_1_65' title='bbox 960 1289 1128 1368; x_wconf 82' lang='lat' dir='ltr'><strong>vendenda,</strong></span> <span class='ocrx_word' id='word_1_66' title='bbox 1150 1305 1248 1368; x_wconf 82' lang='lat' dir='ltr'><strong>nuper</strong></span> <span class='ocrx_word' id='word_1_67' title='bbox 1270 1287 1460 1368; x_wconf 81' lang='lat' dir='ltr'><strong>adduxerint,</strong></span> <span class='ocrx_word' id='word_1_68' title='bbox 1484 1298 1514 1352; x_wconf 90' lang='lat' dir='ltr'><strong>et</strong></span> <span class='ocrx_word' id='word_1_69' title='bbox 1535 1308 1570 1354; x_wconf 89' lang='lat' dir='ltr'><strong>ea</strong></span> <span class='ocrx_word' id='word_1_70' title='bbox 1592 1291 1631 1354; x_wconf 89' lang='lat' dir='ltr'><strong>de</strong></span> <span class='ocrx_word' id='word_1_71' title='bbox 1647 1307 1739 1355; x_wconf 88' lang='lat' dir='ltr'><strong>causa</strong></span> <span class='ocrx_word' id='word_1_72' title='bbox 1763 1293 1794 1354; x_wconf 91' lang='lat' dir='ltr'><strong>iu</strong></span> <span class='ocrx_word' id='word_1_73' title='bbox 1816 1291 1954 1372; x_wconf 90' lang='lat' dir='ltr'><strong>partibus</strong></span> <span class='ocrx_word' id='word_1_74' title='bbox 1975 1294 2119 1372; x_wconf 83' lang='lat' dir='ltr'><strong>predictis</strong></span> <span class='ocrx_word' id='word_1_75' title='bbox 2141 1295 2230 1359; x_wconf 86' lang='lat' dir='ltr'><strong>saluo</strong></span> 
     </span>
    </p>
   </div>
   <div class='ocr_carea' id='block_1_3' title="bbox 273 1405 2230 1498">
    <p class='ocr_par' dir='ltr' id='par_1_3' title="bbox 273 1405 2230 1498">
     <span class='ocr_line' id='line_1_7' title="bbox 273 1405 2230 1498; baseline 0.002 -24"><span class='ocrx_word' id='word_1_76' title='bbox 273 1483 274 1486; x_wconf 8' lang='grc' dir='ltr'><strong>Ἴ</strong></span> <span class='ocrx_word' id='word_1_77' title='bbox 387 1419 418 1476; x_wconf 88' lang='grc'><strong>11</strong></span> <span class='ocrx_word' id='word_1_78' title='bbox 444 1427 550 1474; x_wconf 89' lang='lat' dir='ltr'><strong>secure</strong></span> <span class='ocrx_word' id='word_1_79' title='bbox 578 1409 774 1475; x_wconf 88' lang='lat' dir='ltr'><strong>custodienda</strong></span> <span class='ocrx_word' id='word_1_80' title='bbox 803 1411 1039 1491; x_wconf 91' lang='lat' dir='ltr'><strong>bospitaucrint,</strong></span> <span class='ocrx_word' id='word_1_81' title='bbox 1070 1408 1193 1488; x_wconf 90' lang='lat' dir='ltr'><strong>qnidam</strong></span> <span class='ocrx_word' id='word_1_82' title='bbox 1224 1417 1323 1471; x_wconf 86' lang='lat' dir='ltr'><strong>temen</strong></span> <span class='ocrx_word' id='word_1_83' title='bbox 1351 1405 1517 1474; x_wconf 82' lang='lat' dir='ltr'><strong>Heort‘cus</strong></span> <span class='ocrx_word' id='word_1_84' title='bbox 1541 1405 1657 1495; x_wconf 83' lang='lat' dir='ltr'><strong>Spiccr</strong></span> <span class='ocrx_word' id='word_1_85' title='bbox 1685 1410 1724 1474; x_wconf 90' lang='lat' dir='ltr'><strong>de</strong></span> <span class='ocrx_word' id='word_1_86' title='bbox 1745 1405 1875 1498; x_wconf 82' lang='lat' dir='ltr'><strong>Derdy,</strong></span> <span class='ocrx_word' id='word_1_87' title='bbox 1909 1411 2104 1489; x_wconf 88' lang='lat' dir='ltr'><strong>narcbaunt,</strong></span> <span class='ocrx_word' id='word_1_88' title='bbox 2134 1413 2230 1478; x_wconf 91' lang='lat' dir='ltr'><strong>dictos</strong></span> 
     </span>
    </p>
   </div>
   <div class='ocr_carea' id='block_1_4' title="bbox 325 1525 2231 5285">
    <p class='ocr_par' dir='ltr' id='par_1_4' title="bbox 357 1525 2231 2323">
     <span class='ocr_line' id='line_1_8' title="bbox 390 1525 2228 1613; baseline 0.001 -18"><span class='ocrx_word' id='word_1_89' title='bbox 390 1537 578 1606; x_wconf 81' lang='lat' dir='ltr'><strong>mercatores</strong></span> <span class='ocrx_word' id='word_1_90' title='bbox 607 1529 645 1594; x_wconf 92' lang='lat' dir='ltr'><strong>dc</strong></span> <span class='ocrx_word' id='word_1_91' title='bbox 666 1528 769 1594; x_wconf 88' lang='lat' dir='ltr'><strong>llausa</strong></span> <span class='ocrx_word' id='word_1_92' title='bbox 797 1536 904 1592; x_wconf 91' lang='lat' dir='ltr'><strong>contra</strong></span> <span class='ocrx_word' id='word_1_93' title='bbox 927 1535 1047 1594; x_wconf 88' lang='lat' dir='ltr'><strong>tenores</strong></span> <span class='ocrx_word' id='word_1_94' title='bbox 1075 1537 1227 1592; x_wconf 90' lang='lat' dir='ltr'><strong>cartarum</strong></span> <span class='ocrx_word' id='word_1_95' title='bbox 1255 1533 1285 1590; x_wconf 90' lang='lat' dir='ltr'><strong>ct</strong></span> <span class='ocrx_word' id='word_1_96' title='bbox 1312 1525 1555 1592; x_wconf 86' lang='lat' dir='ltr'><strong>confirmationes</strong></span> <span class='ocrx_word' id='word_1_97' title='bbox 1583 1529 1789 1607; x_wconf 86' lang='lat' dir='ltr'><strong>predictarum</strong></span> <span class='ocrx_word' id='word_1_98' title='bbox 1824 1530 2002 1594; x_wconf 86' lang='lat' dir='ltr'><strong>machinans</strong></span> <span class='ocrx_word' id='word_1_99' title='bbox 2032 1549 2228 1613; x_wconf 89' lang='lat' dir='ltr'><strong>pregrauere,</strong></span> 
     </span>
     <span class='ocr_line' id='line_1_9' title="bbox 387 1646 2228 1734; baseline 0.002 -22"><span class='ocrx_word' id='word_1_100' title='bbox 387 1649 475 1712; x_wconf 88' lang='lat' dir='ltr'><strong>uobis</strong></span> <span class='ocrx_word' id='word_1_101' title='bbox 500 1652 637 1732; x_wconf 90' lang='lat' dir='ltr'><strong>grauiter</strong></span> <span class='ocrx_word' id='word_1_102' title='bbox 665 1647 877 1728; x_wconf 88' lang='lat' dir='ltr'><strong>conquerendo</strong></span> <span class='ocrx_word' id='word_1_103' title='bbox 904 1648 1133 1724; x_wconf 89' lang='lat' dir='ltr'><strong>monstrauerit,</strong></span> <span class='ocrx_word' id='word_1_104' title='bbox 1160 1647 1261 1726; x_wconf 89' lang='lat' dir='ltr'><strong>ipsum</strong></span> <span class='ocrx_word' id='word_1_105' title='bbox 1290 1662 1345 1725; x_wconf 91' lang='lat' dir='ltr'><strong>pcr</strong></span> <span class='ocrx_word' id='word_1_106' title='bbox 1373 1655 1556 1710; x_wconf 87' lang='lat' dir='ltr'><strong>mercatores</strong></span> <span class='ocrx_word' id='word_1_107' title='bbox 1586 1647 1624 1710; x_wconf 91' lang='lat' dir='ltr'><strong>de</strong></span> <span class='ocrx_word' id='word_1_108' title='bbox 1653 1646 1753 1712; x_wconf 86' lang='lat' dir='ltr'><strong>llansa</strong></span> <span class='ocrx_word' id='word_1_109' title='bbox 1781 1652 1813 1711; x_wconf 90' lang='lat' dir='ltr'><strong>iu</strong></span> <span class='ocrx_word' id='word_1_110' title='bbox 1841 1650 1979 1727; x_wconf 89' lang='lat' dir='ltr'><strong>partibus</strong></span> <span class='ocrx_word' id='word_1_111' title='bbox 2001 1649 2163 1734; x_wconf 85' lang='lat' dir='ltr'><strong>Norwcgie</strong></span> <span class='ocrx_word' id='word_1_112' title='bbox 2190 1652 2228 1716; x_wconf 90' lang='lat' dir='ltr'><strong>de</strong></span> 
     </span>
     <span class='ocr_line' id='line_1_10' title="bbox 388 1764 2226 1847; baseline 0.002 -17"><span class='ocrx_word' id='word_1_113' title='bbox 388 1768 479 1832; x_wconf 90' lang='lat' dir='ltr'><strong>bonis</strong></span> <span class='ocrx_word' id='word_1_114' title='bbox 501 1777 530 1831; x_wconf 93' lang='lat' dir='ltr'><strong>et</strong></span> <span class='ocrx_word' id='word_1_115' title='bbox 551 1767 750 1832; x_wconf 87' lang='lat' dir='ltr'><strong>mercandisis</strong></span> <span class='ocrx_word' id='word_1_116' title='bbox 773 1769 836 1830; x_wconf 90' lang='lat' dir='ltr'><strong>suis</strong></span> <span class='ocrx_word' id='word_1_117' title='bbox 859 1783 953 1844; x_wconf 82' lang='lat' dir='ltr'><strong>usque</strong></span> <span class='ocrx_word' id='word_1_118' title='bbox 975 1765 1014 1829; x_wconf 90' lang='lat' dir='ltr'><strong>ad</strong></span> <span class='ocrx_word' id='word_1_119' title='bbox 1037 1765 1170 1829; x_wconf 85' lang='lat' dir='ltr'><strong>valorem</strong></span> <span class='ocrx_word' id='word_1_120' title='bbox 1194 1767 1426 1846; x_wconf 89' lang='lat' dir='ltr'><strong>quingentarum</strong></span> <span class='ocrx_word' id='word_1_121' title='bbox 1448 1764 1597 1829; x_wconf 90' lang='lat' dir='ltr'><strong>librarum</strong></span> <span class='ocrx_word' id='word_1_122' title='bbox 1628 1766 1810 1847; x_wconf 90' lang='lat' dir='ltr'><strong>etamplius</strong></span> <span class='ocrx_word' id='word_1_123' title='bbox 1839 1772 1939 1831; x_wconf 89' lang='lat' dir='ltr'><strong>miuus</strong></span> <span class='ocrx_word' id='word_1_124' title='bbox 1961 1772 2038 1832; x_wconf 90' lang='lat' dir='ltr'><strong>iuste</strong></span> <span class='ocrx_word' id='word_1_125' title='bbox 2061 1785 2096 1832; x_wconf 87' lang='lat' dir='ltr'><strong>ac</strong></span> <span class='ocrx_word' id='word_1_126' title='bbox 2118 1778 2226 1834; x_wconf 89' lang='lat' dir='ltr'><strong>contra</strong></span> 
     </span>
     <span class='ocr_line' id='line_1_11' title="bbox 387 1883 2230 1967; baseline 0.002 -18"><span class='ocrx_word' id='word_1_127' title='bbox 387 1884 517 1950; x_wconf 78' lang='lat' dir='ltr'><strong>formam</strong></span> <span class='ocrx_word' id='word_1_128' title='bbox 540 1893 887 1967; x_wconf 85' lang='lat' dir='ltr'><strong>appunctnameutorum</strong></span> <span class='ocrx_word' id='word_1_129' title='bbox 909 1888 995 1965; x_wconf 84' lang='lat' dir='ltr'><strong>pacis</strong></span> <span class='ocrx_word' id='word_1_130' title='bbox 1017 1893 1046 1946; x_wconf 91' lang='lat' dir='ltr'><strong>et</strong></span> <span class='ocrx_word' id='word_1_131' title='bbox 1067 1887 1203 1948; x_wconf 89' lang='lat' dir='ltr'><strong>amicicie</strong></span> <span class='ocrx_word' id='word_1_132' title='bbox 1225 1883 1382 1946; x_wconf 90' lang='lat' dir='ltr'><strong>internos</strong></span> <span class='ocrx_word' id='word_1_133' title='bbox 1404 1891 1433 1946; x_wconf 92' lang='lat' dir='ltr'><strong>et</strong></span> <span class='ocrx_word' id='word_1_134' title='bbox 1455 1883 1552 1948; x_wconf 92' lang='lat' dir='ltr'><strong>dictos</strong></span> <span class='ocrx_word' id='word_1_135' title='bbox 1580 1893 1765 1948; x_wconf 88' lang='lat' dir='ltr'><strong>mercatores</strong></span> <span class='ocrx_word' id='word_1_136' title='bbox 1793 1886 1831 1950; x_wconf 91' lang='lat' dir='ltr'><strong>de</strong></span> <span class='ocrx_word' id='word_1_137' title='bbox 1853 1885 1953 1950; x_wconf 86' lang='lat' dir='ltr'><strong>ilausa</strong></span> <span class='ocrx_word' id='word_1_138' title='bbox 1983 1887 2130 1952; x_wconf 87' lang='lat' dir='ltr'><strong>aute&#39;lrec</strong></span> <span class='ocrx_word' id='word_1_139' title='bbox 2154 1897 2230 1954; x_wconf 90' lang='lat' dir='ltr'><strong>tcm-</strong></span> 
     </span>
     <span class='ocr_line' id='line_1_12' title="bbox 388 2001 2230 2086; baseline 0.001 -17"><span class='ocrx_word' id='word_1_140' title='bbox 388 2021 464 2085; x_wconf 87' lang='lat' dir='ltr'><strong>pora</strong></span> <span class='ocrx_word' id='word_1_141' title='bbox 487 2004 636 2069; x_wconf 89' lang='lat' dir='ltr'><strong>lectorum</strong></span> <span class='ocrx_word' id='word_1_142' title='bbox 658 2013 687 2068; x_wconf 91' lang='lat' dir='ltr'><strong>et</strong></span> <span class='ocrx_word' id='word_1_143' title='bbox 709 2005 921 2068; x_wconf 89' lang='lat' dir='ltr'><strong>conclusorum</strong></span> <span class='ocrx_word' id='word_1_144' title='bbox 943 2003 1124 2083; x_wconf 89' lang='lat' dir='ltr'><strong>perplures</strong></span> <span class='ocrx_word' id='word_1_145' title='bbox 1147 2018 1244 2066; x_wconf 85' lang='lat' dir='ltr'><strong>anuos</strong></span> <span class='ocrx_word' id='word_1_146' title='bbox 1266 2004 1327 2064; x_wconf 90' lang='lat' dir='ltr'><strong>iam</strong></span> <span class='ocrx_word' id='word_1_147' title='bbox 1350 2001 1472 2082; x_wconf 87' lang='lat' dir='ltr'><strong>elapsos</strong></span> <span class='ocrx_word' id='word_1_148' title='bbox 1494 2003 1631 2081; x_wconf 92' lang='lat' dir='ltr'><strong>spoliari,</strong></span> <span class='ocrx_word' id='word_1_149' title='bbox 1655 2020 1690 2066; x_wconf 86' lang='lat' dir='ltr'><strong>ac</strong></span> <span class='ocrx_word' id='word_1_150' title='bbox 1712 2003 1792 2067; x_wconf 89' lang='lat' dir='ltr'><strong>idem</strong></span> <span class='ocrx_word' id='word_1_151' title='bbox 1814 2004 1960 2069; x_wconf 82' lang='lat' dir='ltr'><strong>licuticus</strong></span> <span class='ocrx_word' id='word_1_152' title='bbox 1985 2004 2093 2086; x_wconf 90' lang='lat' dir='ltr'><strong>Spicer</strong></span> <span class='ocrx_word' id='word_1_153' title='bbox 2113 2025 2151 2071; x_wconf 86' lang='grc' dir='ltr'><strong>ε(</strong></span> <span class='ocrx_word' id='word_1_154' title='bbox 2174 2008 2230 2072; x_wconf 88' lang='lat' dir='ltr'><strong>bac</strong></span> 
     </span>
     <span class='ocr_line' id='line_1_13' title="bbox 357 2119 2231 2204; baseline 0.002 -16"><span class='ocrx_word' id='word_1_155' title='bbox 357 2131 360 2136; x_wconf 84' lang='lat'>&#39;</span> <span class='ocrx_word' id='word_1_156' title='bbox 388 2141 481 2188; x_wconf 88' lang='lat' dir='ltr'><strong>causa</strong></span> <span class='ocrx_word' id='word_1_157' title='bbox 503 2143 520 2188; x_wconf 90' lang='lat' dir='ltr'><strong>a</strong></span> <span class='ocrx_word' id='word_1_158' title='bbox 545 2126 632 2188; x_wconf 89' lang='lat' dir='ltr'><strong>uobis</strong></span> <span class='ocrx_word' id='word_1_159' title='bbox 654 2122 801 2204; x_wconf 90' lang='lat' dir='ltr'><strong>quasdam</strong></span> <span class='ocrx_word' id='word_1_160' title='bbox 824 2123 940 2189; x_wconf 85' lang='lat' dir='ltr'><strong>litteras</strong></span> <span class='ocrx_word' id='word_1_161' title='bbox 962 2130 1082 2186; x_wconf 87' lang='lat' dir='ltr'><strong>nostrus</strong></span> <span class='ocrx_word' id='word_1_162' title='bbox 1102 2128 1237 2202; x_wconf 88' lang='lat' dir='ltr'><strong>patentes</strong></span> <span class='ocrx_word' id='word_1_163' title='bbox 1257 2119 1294 2183; x_wconf 91' lang='lat' dir='ltr'><strong>de</strong></span> <span class='ocrx_word' id='word_1_164' title='bbox 1312 2136 1439 2200; x_wconf 90' lang='lat' dir='ltr'><strong>marqua</strong></span> <span class='ocrx_word' id='word_1_165' title='bbox 1458 2137 1563 2185; x_wconf 84' lang='lat' dir='ltr'><strong>versus</strong></span> <span class='ocrx_word' id='word_1_166' title='bbox 1585 2129 1770 2186; x_wconf 84' lang='lat' dir='ltr'><strong>mercatores</strong></span> <span class='ocrx_word' id='word_1_167' title='bbox 1789 2123 1827 2186; x_wconf 94' lang='lat' dir='ltr'><strong>de</strong></span> <span class='ocrx_word' id='word_1_168' title='bbox 1844 2122 1945 2188; x_wconf 87' lang='grc'><strong>111111</strong></span> <span class='ocrx_word' id='word_1_169' title='bbox 1965 2127 2104 2200; x_wconf 83' lang='lat' dir='ltr'><strong>obtinuit,</strong></span> <span class='ocrx_word' id='word_1_170' title='bbox 2128 2134 2158 2188; x_wconf 90' lang='lat' dir='ltr'><strong>et</strong></span> <span class='ocrx_word' id='word_1_171' title='bbox 2179 2143 2231 2191; x_wconf 89' lang='lat' dir='ltr'><strong>eas</strong></span> 
     </span>
     <span class='ocr_line' id='line_1_14' title="bbox 388 2229 2230 2323; baseline 0.001 -16"><span class='ocrx_word' id='word_1_172' title='bbox 388 2247 495 2323; x_wconf 83' lang='lat' dir='ltr'><strong>exequi</strong></span> <span class='ocrx_word' id='word_1_173' title='bbox 517 2247 641 2308; x_wconf 92' lang='lat' dir='ltr'><strong>omnino</strong></span> <span class='ocrx_word' id='word_1_174' title='bbox 663 2243 805 2306; x_wconf 89' lang='lat' dir='ltr'><strong>intendit:</strong></span> <span class='ocrx_word' id='word_1_175' title='bbox 828 2241 901 2318; x_wconf 87' lang='lat' dir='ltr'><strong>Nos,</strong></span> <span class='ocrx_word' id='word_1_176' title='bbox 925 2244 1074 2322; x_wconf 89' lang='lat' dir='ltr'><strong>premissa</strong></span> <span class='ocrx_word' id='word_1_177' title='bbox 1097 2229 1338 2314; x_wconf 68' lang='lat' dir='ltr'><strong>considerantes,</strong></span> <span class='ocrx_word' id='word_1_178' title='bbox 1357 2246 1386 2302; x_wconf 88' lang='lat' dir='ltr'><strong>et</strong></span> <span class='ocrx_word' id='word_1_179' title='bbox 1408 2239 1542 2304; x_wconf 82' lang='lat' dir='ltr'><strong>volentes</strong></span> <span class='ocrx_word' id='word_1_180' title='bbox 1558 2240 1656 2305; x_wconf 87' lang='lat' dir='ltr'><strong>dictos</strong></span> <span class='ocrx_word' id='word_1_181' title='bbox 1678 2249 1864 2306; x_wconf 89' lang='lat' dir='ltr'><strong>mercatores</strong></span> <span class='ocrx_word' id='word_1_182' title='bbox 1876 2243 1914 2306; x_wconf 91' lang='lat' dir='ltr'><strong>de</strong></span> <span class='ocrx_word' id='word_1_183' title='bbox 1936 2242 2037 2306; x_wconf 86' lang='grc'><strong>111111</strong></span> <span class='ocrx_word' id='word_1_184' title='bbox 2053 2242 2230 2308; x_wconf 81' lang='lat' dir='ltr'><strong>Alemannis</strong></span> 
     </span>
    </p>

    <p class='ocr_par' dir='ltr' id='par_1_5' title="bbox 325 2327 2230 5285">
     <span class='ocr_line' id='line_1_15' title="bbox 325 2327 2229 2442; baseline 0.001 -18"><span class='ocrx_word' id='word_1_185' title='bbox 325 2327 332 2344; x_wconf 43' lang='lat'>²</span> <span class='ocrx_word' id='word_1_186' title='bbox 388 2369 471 2426; x_wconf 80' lang='lat' dir='ltr'><strong>iuxta</strong></span> <span class='ocrx_word' id='word_1_187' title='bbox 493 2368 564 2440; x_wconf 79' lang='lat' dir='ltr'><strong>tim,</strong></span> <span class='ocrx_word' id='word_1_188' title='bbox 587 2362 719 2426; x_wconf 80' lang='lat' dir='ltr'><strong>formam</strong></span> <span class='ocrx_word' id='word_1_189' title='bbox 742 2369 772 2424; x_wconf 92' lang='lat' dir='ltr'><strong>et</strong></span> <span class='ocrx_word' id='word_1_190' title='bbox 793 2361 930 2424; x_wconf 81' lang='lat' dir='ltr'><strong>edoctum</strong></span> <span class='ocrx_word' id='word_1_191' title='bbox 954 2367 1120 2436; x_wconf 83' lang='lat' dir='ltr'><strong>cartarum,</strong></span> <span class='ocrx_word' id='word_1_192' title='bbox 1143 2358 1387 2422; x_wconf 80' lang='lat' dir='ltr'><strong>confirmacionis</strong></span> <span class='ocrx_word' id='word_1_193' title='bbox 1409 2366 1439 2422; x_wconf 93' lang='lat' dir='ltr'><strong>et</strong></span> <span class='ocrx_word' id='word_1_194' title='bbox 1460 2360 1598 2422; x_wconf 84' lang='lat' dir='ltr'><strong>amicicie</strong></span> <span class='ocrx_word' id='word_1_195' title='bbox 1620 2359 1824 2439; x_wconf 88' lang='lat' dir='ltr'><strong>predictarum</strong></span> <span class='ocrx_word' id='word_1_196' title='bbox 1840 2362 1871 2424; x_wconf 92' lang='lat' dir='ltr'><strong>in</strong></span> <span class='ocrx_word' id='word_1_197' title='bbox 1884 2361 2025 2426; x_wconf 91' lang='lat' dir='ltr'><strong>omuibus</strong></span> <span class='ocrx_word' id='word_1_198' title='bbox 2038 2367 2229 2442; x_wconf 87' lang='lat' dir='ltr'><strong>pertractari,</strong></span> 
     </span>
     <span class='ocr_line' id='line_1_16' title="bbox 387 2461 2229 2563; baseline 0 -18"><span class='ocrx_word' id='word_1_199' title='bbox 387 2482 425 2545; x_wconf 89' lang='lat' dir='ltr'><strong>de</strong></span> <span class='ocrx_word' id='word_1_200' title='bbox 446 2485 551 2563; x_wconf 90' lang='lat' dir='ltr'><strong>gracia</strong></span> <span class='ocrx_word' id='word_1_201' title='bbox 574 2487 677 2544; x_wconf 90' lang='lat' dir='ltr'><strong>nostre</strong></span> <span class='ocrx_word' id='word_1_202' title='bbox 706 2479 835 2559; x_wconf 89' lang='lat' dir='ltr'><strong>speciali</strong></span> <span class='ocrx_word' id='word_1_203' title='bbox 862 2487 892 2542; x_wconf 88' lang='lat' dir='ltr'><strong>et</strong></span> <span class='ocrx_word' id='word_1_204' title='bbox 921 2495 959 2542; x_wconf 86' lang='grc' dir='ltr'><strong>ε(</strong></span> <span class='ocrx_word' id='word_1_205' title='bbox 982 2485 1064 2540; x_wconf 89' lang='lat' dir='ltr'><strong>certa</strong></span> <span class='ocrx_word' id='word_1_206' title='bbox 1093 2478 1224 2540; x_wconf 88' lang='lat' dir='ltr'><strong>sciencia</strong></span> <span class='ocrx_word' id='word_1_207' title='bbox 1253 2461 1372 2550; x_wconf 88' lang='lat' dir='ltr'><strong>nostra,</strong></span> <span class='ocrx_word' id='word_1_208' title='bbox 1405 2480 1595 2555; x_wconf 86' lang='lat' dir='ltr'><strong>suscepimus</strong></span> <span class='ocrx_word' id='word_1_209' title='bbox 1622 2494 1727 2543; x_wconf 90' lang='lat' dir='ltr'><strong>omues</strong></span> <span class='ocrx_word' id='word_1_210' title='bbox 1754 2487 1939 2544; x_wconf 81' lang='lat' dir='ltr'><strong>mercatores</strong></span> <span class='ocrx_word' id='word_1_211' title='bbox 1967 2479 2005 2543; x_wconf 89' lang='lat' dir='ltr'><strong>de</strong></span> <span class='ocrx_word' id='word_1_212' title='bbox 2032 2479 2133 2544; x_wconf 86' lang='lat' dir='ltr'><strong>ilausa</strong></span> <span class='ocrx_word' id='word_1_213' title='bbox 2160 2480 2229 2545; x_wconf 77' lang='lat' dir='ltr'><strong>Aie-</strong></span> 
     </span>
     <span class='ocr_line' id='line_1_17' title="bbox 388 2596 2229 2680; baseline 0 -18"><span class='ocrx_word' id='word_1_214' title='bbox 388 2601 518 2676; x_wconf 90' lang='lat' dir='ltr'><strong>maunie,</strong></span> <span class='ocrx_word' id='word_1_215' title='bbox 542 2603 573 2662; x_wconf 93' lang='lat' dir='ltr'><strong>in</strong></span> <span class='ocrx_word' id='word_1_216' title='bbox 595 2615 690 2680; x_wconf 84' lang='lat' dir='ltr'><strong>reguo</strong></span> <span class='ocrx_word' id='word_1_217' title='bbox 712 2596 937 2679; x_wconf 82' lang='lat' dir='ltr'><strong>uostrnrlnglic</strong></span> <span class='ocrx_word' id='word_1_218' title='bbox 959 2613 1016 2677; x_wconf 94' lang='lat' dir='ltr'><strong>pro</strong></span> <span class='ocrx_word' id='word_1_219' title='bbox 1040 2605 1175 2676; x_wconf 90' lang='lat' dir='ltr'><strong>tempore</strong></span> <span class='ocrx_word' id='word_1_220' title='bbox 1200 2597 1368 2674; x_wconf 84' lang='lat' dir='ltr'><strong>existentes,</strong></span> <span class='ocrx_word' id='word_1_221' title='bbox 1391 2602 1419 2658; x_wconf 92' lang='lat' dir='ltr'><strong>et</strong></span> <span class='ocrx_word' id='word_1_222' title='bbox 1441 2600 1471 2658; x_wconf 92' lang='lat' dir='ltr'><strong>iu</strong></span> <span class='ocrx_word' id='word_1_223' title='bbox 1495 2612 1548 2659; x_wconf 94' lang='grc' dir='ltr'><strong>εει(</strong></span> <span class='ocrx_word' id='word_1_224' title='bbox 1571 2613 1676 2662; x_wconf 87' lang='lat' dir='ltr'><strong>uersus</strong></span> <span class='ocrx_word' id='word_1_225' title='bbox 1689 2597 1769 2660; x_wconf 93' lang='lat' dir='ltr'><strong>idem</strong></span> <span class='ocrx_word' id='word_1_226' title='bbox 1783 2614 1910 2680; x_wconf 91' lang='lat' dir='ltr'><strong>regnum</strong></span> <span class='ocrx_word' id='word_1_227' title='bbox 1933 2616 1988 2678; x_wconf 93' lang='lat' dir='ltr'><strong>per</strong></span> <span class='ocrx_word' id='word_1_228' title='bbox 2002 2615 2096 2676; x_wconf 93' lang='lat' dir='ltr'><strong>mare,</strong></span> <span class='ocrx_word' id='word_1_229' title='bbox 2119 2616 2229 2680; x_wconf 88' lang='lat' dir='ltr'><strong>aquam</strong></span> 
     </span>
     <span class='ocr_line' id='line_1_18' title="bbox 387 2713 2229 2806; baseline 0 -24"><span class='ocrx_word' id='word_1_230' title='bbox 387 2720 452 2782; x_wconf 90' lang='lat' dir='ltr'><strong>siue</strong></span> <span class='ocrx_word' id='word_1_231' title='bbox 475 2727 586 2782; x_wconf 88' lang='lat' dir='ltr'><strong>terram</strong></span> <span class='ocrx_word' id='word_1_232' title='bbox 604 2721 714 2795; x_wconf 93' lang='lat' dir='ltr'><strong>quouis</strong></span> <span class='ocrx_word' id='word_1_233' title='bbox 732 2715 823 2780; x_wconf 91' lang='lat' dir='ltr'><strong>modo</strong></span> <span class='ocrx_word' id='word_1_234' title='bbox 845 2719 1008 2806; x_wconf 83' lang='lat' dir='ltr'><strong>uenientes,</strong></span> <span class='ocrx_word' id='word_1_235' title='bbox 1030 2731 1084 2779; x_wconf 91' lang='lat' dir='ltr'><strong>seu</strong></span> <span class='ocrx_word' id='word_1_236' title='bbox 1106 2713 1216 2778; x_wconf 88' lang='lat' dir='ltr'><strong>abinde</strong></span> <span class='ocrx_word' id='word_1_237' title='bbox 1237 2721 1392 2791; x_wconf 81' lang='lat' dir='ltr'><strong>exeuntes,</strong></span> <span class='ocrx_word' id='word_1_238' title='bbox 1416 2723 1663 2792; x_wconf 85' lang='lat' dir='ltr'><strong>commentores,</strong></span> <span class='ocrx_word' id='word_1_239' title='bbox 1686 2714 1827 2794; x_wconf 84' lang='lat' dir='ltr'><strong>factores,</strong></span> <span class='ocrx_word' id='word_1_240' title='bbox 1851 2719 2028 2794; x_wconf 88' lang='lat' dir='ltr'><strong>seruientcs,</strong></span> <span class='ocrx_word' id='word_1_241' title='bbox 2050 2717 2229 2795; x_wconf 74' lang='lat' dir='ltr'><strong>familiares,</strong></span> 
     </span>
     <span class='ocr_line' id='line_1_19' title="bbox 388 2833 2229 2916; baseline 0 -16"><span class='ocrx_word' id='word_1_242' title='bbox 388 2845 556 2900; x_wconf 89' lang='lat' dir='ltr'><strong>attornatos</strong></span> <span class='ocrx_word' id='word_1_243' title='bbox 578 2844 608 2899; x_wconf 93' lang='lat' dir='ltr'><strong>et</strong></span> <span class='ocrx_word' id='word_1_244' title='bbox 629 2835 799 2916; x_wconf 87' lang='lat' dir='ltr'><strong>deputatos,</strong></span> <span class='ocrx_word' id='word_1_245' title='bbox 823 2851 940 2898; x_wconf 92' lang='lat' dir='ltr'><strong>uccuou</strong></span> <span class='ocrx_word' id='word_1_246' title='bbox 962 2835 1052 2911; x_wconf 90' lang='lat' dir='ltr'><strong>bona,</strong></span> <span class='ocrx_word' id='word_1_247' title='bbox 1077 2851 1137 2910; x_wconf 90' lang='lat' dir='ltr'><strong>res,</strong></span> <span class='ocrx_word' id='word_1_248' title='bbox 1160 2833 1377 2910; x_wconf 85' lang='lat' dir='ltr'><strong>mercandisas,</strong></span> <span class='ocrx_word' id='word_1_249' title='bbox 1399 2835 1606 2911; x_wconf 87' lang='lat' dir='ltr'><strong>mercimonia,</strong></span> <span class='ocrx_word' id='word_1_250' title='bbox 1630 2842 1753 2910; x_wconf 81' lang='grc'><strong>111111,</strong></span> <span class='ocrx_word' id='word_1_251' title='bbox 1777 2837 1977 2912; x_wconf 84' lang='grc'><strong>(1111111111,</strong></span> <span class='ocrx_word' id='word_1_252' title='bbox 2009 2853 2102 2900; x_wconf 89' lang='lat' dir='ltr'><strong>uaucs</strong></span> <span class='ocrx_word' id='word_1_253' title='bbox 2124 2845 2154 2900; x_wconf 89' lang='lat' dir='ltr'><strong>ct</strong></span> <span class='ocrx_word' id='word_1_254' title='bbox 2176 2855 2229 2900; x_wconf 90' lang='lat' dir='ltr'><strong>ua-</strong></span> 
     </span>
     <span class='ocr_line' id='line_1_20' title="bbox 388 2950 2230 3038; baseline -0.001 -20"><span class='ocrx_word' id='word_1_255' title='bbox 388 2960 471 3038; x_wconf 90' lang='lat' dir='ltr'><strong>uigia</strong></span> <span class='ocrx_word' id='word_1_256' title='bbox 493 2972 549 3019; x_wconf 89' lang='lat' dir='ltr'><strong>sua</strong></span> <span class='ocrx_word' id='word_1_257' title='bbox 572 2970 776 3035; x_wconf 91' lang='lat' dir='ltr'><strong>quecumque,</strong></span> <span class='ocrx_word' id='word_1_258' title='bbox 804 2969 860 3033; x_wconf 92' lang='lat' dir='ltr'><strong>per</strong></span> <span class='ocrx_word' id='word_1_259' title='bbox 882 2970 981 3028; x_wconf 90' lang='lat' dir='ltr'><strong>mare,</strong></span> <span class='ocrx_word' id='word_1_260' title='bbox 1012 2969 1048 3015; x_wconf 89' lang='lat' dir='ltr'><strong>ac</strong></span> <span class='ocrx_word' id='word_1_261' title='bbox 1070 2950 1151 3015; x_wconf 87' lang='lat' dir='ltr'><strong>inira</strong></span> <span class='ocrx_word' id='word_1_262' title='bbox 1172 2969 1225 3016; x_wconf 91' lang='lat' dir='ltr'><strong>seu</strong></span> <span class='ocrx_word' id='word_1_263' title='bbox 1249 2952 1288 3016; x_wconf 88' lang='lat' dir='ltr'><strong>ad</strong></span> <span class='ocrx_word' id='word_1_264' title='bbox 1317 2968 1443 3032; x_wconf 88' lang='lat' dir='ltr'><strong>reguum</strong></span> <span class='ocrx_word' id='word_1_265' title='bbox 1474 2961 1612 3016; x_wconf 89' lang='lat' dir='ltr'><strong>nostrum</strong></span> <span class='ocrx_word' id='word_1_266' title='bbox 1632 2951 1743 3036; x_wconf 79' lang='lat' dir='ltr'><strong>Anglic</strong></span> <span class='ocrx_word' id='word_1_267' title='bbox 1776 2954 1977 3031; x_wconf 91' lang='lat' dir='ltr'><strong>quouismodo</strong></span> <span class='ocrx_word' id='word_1_268' title='bbox 2007 2957 2173 3033; x_wconf 83' lang='lat' dir='ltr'><strong>veniensis,</strong></span> <span class='ocrx_word' id='word_1_269' title='bbox 2201 2965 2230 3018; x_wconf 92' lang='lat' dir='ltr'><strong>et</strong></span> 
     </span>
     <span class='ocr_line' id='line_1_21' title="bbox 388 3071 2229 3156; baseline 0.001 -18"><span class='ocrx_word' id='word_1_270' title='bbox 388 3073 556 3138; x_wconf 88' lang='lat' dir='ltr'><strong>abeodem</strong></span> <span class='ocrx_word' id='word_1_271' title='bbox 579 3090 674 3156; x_wconf 91' lang='lat' dir='ltr'><strong>reguo</strong></span> <span class='ocrx_word' id='word_1_272' title='bbox 696 3090 750 3136; x_wconf 93' lang='lat' dir='ltr'><strong>seu</strong></span> <span class='ocrx_word' id='word_1_273' title='bbox 773 3081 858 3136; x_wconf 85' lang='lat' dir='ltr'><strong>extra</strong></span> <span class='ocrx_word' id='word_1_274' title='bbox 881 3072 960 3136; x_wconf 92' lang='lat' dir='ltr'><strong>idem</strong></span> <span class='ocrx_word' id='word_1_275' title='bbox 983 3087 1110 3154; x_wconf 87' lang='lat' dir='ltr'><strong>regnum</strong></span> <span class='ocrx_word' id='word_1_276' title='bbox 1134 3071 1335 3148; x_wconf 91' lang='lat' dir='ltr'><strong>quouismodo</strong></span> <span class='ocrx_word' id='word_1_277' title='bbox 1358 3075 1518 3147; x_wconf 87' lang='lat' dir='ltr'><strong>excuucia,</strong></span> <span class='ocrx_word' id='word_1_278' title='bbox 1548 3075 1578 3134; x_wconf 90' lang='lat' dir='ltr'><strong>in</strong></span> <span class='ocrx_word' id='word_1_279' title='bbox 1601 3075 1841 3151; x_wconf 83' lang='lat' dir='ltr'><strong>protensionem,</strong></span> <span class='ocrx_word' id='word_1_280' title='bbox 1873 3075 2034 3138; x_wconf 88' lang='lat' dir='ltr'><strong>tuicionem</strong></span> <span class='ocrx_word' id='word_1_281' title='bbox 2071 3084 2100 3139; x_wconf 88' lang='lat' dir='ltr'><strong>et</strong></span> <span class='ocrx_word' id='word_1_282' title='bbox 2127 3073 2229 3138; x_wconf 87' lang='lat' dir='ltr'><strong>deleu-</strong></span> 
     </span>
     <span class='ocr_line' id='line_1_22' title="bbox 388 3188 2229 3274; baseline 0 -18"><span class='ocrx_word' id='word_1_283' title='bbox 388 3195 503 3256; x_wconf 90' lang='lat' dir='ltr'><strong>siouem</strong></span> <span class='ocrx_word' id='word_1_284' title='bbox 527 3202 556 3256; x_wconf 92' lang='lat' dir='ltr'><strong>et</strong></span> <span class='ocrx_word' id='word_1_285' title='bbox 577 3192 695 3256; x_wconf 86' lang='lat' dir='ltr'><strong>saluam</strong></span> <span class='ocrx_word' id='word_1_286' title='bbox 718 3191 856 3274; x_wconf 80' lang='lat' dir='ltr'><strong>gordiam</strong></span> <span class='ocrx_word' id='word_1_287' title='bbox 880 3199 1000 3254; x_wconf 89' lang='lat' dir='ltr'><strong>nostras</strong></span> <span class='ocrx_word' id='word_1_288' title='bbox 1022 3188 1188 3268; x_wconf 88' lang='lat' dir='ltr'><strong>speciales,</strong></span> <span class='ocrx_word' id='word_1_289' title='bbox 1219 3190 1308 3253; x_wconf 90' lang='lat' dir='ltr'><strong>dictis</strong></span> <span class='ocrx_word' id='word_1_290' title='bbox 1331 3189 1438 3252; x_wconf 91' lang='lat' dir='ltr'><strong>litteris</strong></span> <span class='ocrx_word' id='word_1_291' title='bbox 1461 3193 1573 3253; x_wconf 89' lang='lat' dir='ltr'><strong>uostris</strong></span> <span class='ocrx_word' id='word_1_292' title='bbox 1595 3190 1633 3252; x_wconf 92' lang='lat' dir='ltr'><strong>dc</strong></span> <span class='ocrx_word' id='word_1_293' title='bbox 1654 3207 1782 3268; x_wconf 89' lang='lat' dir='ltr'><strong>marqua</strong></span> <span class='ocrx_word' id='word_1_294' title='bbox 1811 3207 1862 3255; x_wconf 92' lang='lat' dir='ltr'><strong>seu</strong></span> <span class='ocrx_word' id='word_1_295' title='bbox 1891 3191 1960 3256; x_wconf 90' lang='lat' dir='ltr'><strong>aliis</strong></span> <span class='ocrx_word' id='word_1_296' title='bbox 1989 3192 2097 3256; x_wconf 89' lang='lat' dir='ltr'><strong>litteris</strong></span> <span class='ocrx_word' id='word_1_297' title='bbox 2119 3195 2229 3257; x_wconf 90' lang='lat' dir='ltr'><strong>uostris</strong></span> 
     </span>
     <span class='ocr_line' id='line_1_23' title="bbox 386 3309 2228 3391; baseline -0.001 -14"><span class='ocrx_word' id='word_1_298' title='bbox 386 3313 425 3377; x_wconf 93' lang='lat' dir='ltr'><strong>dc</strong></span> <span class='ocrx_word' id='word_1_299' title='bbox 446 3327 574 3391; x_wconf 88' lang='lat' dir='ltr'><strong>marqua</strong></span> <span class='ocrx_word' id='word_1_300' title='bbox 597 3311 661 3376; x_wconf 90' lang='lat' dir='ltr'><strong>siue</strong></span> <span class='ocrx_word' id='word_1_301' title='bbox 683 3311 841 3390; x_wconf 90' lang='lat' dir='ltr'><strong>reprisalia</strong></span> <span class='ocrx_word' id='word_1_302' title='bbox 864 3318 933 3372; x_wconf 90' lang='lat' dir='ltr'><strong>aute</strong></span> <span class='ocrx_word' id='word_1_303' title='bbox 956 3309 1011 3372; x_wconf 91' lang='lat' dir='ltr'><strong>bec</strong></span> <span class='ocrx_word' id='word_1_304' title='bbox 1041 3316 1179 3386; x_wconf 90' lang='lat' dir='ltr'><strong>tempore</strong></span> <span class='ocrx_word' id='word_1_305' title='bbox 1210 3309 1362 3372; x_wconf 86' lang='lat' dir='ltr'><strong>concessis</strong></span> <span class='ocrx_word' id='word_1_306' title='bbox 1391 3325 1444 3371; x_wconf 89' lang='lat' dir='ltr'><strong>seu</strong></span> <span class='ocrx_word' id='word_1_307' title='bbox 1467 3309 1665 3386; x_wconf 89' lang='lat' dir='ltr'><strong>imposterum</strong></span> <span class='ocrx_word' id='word_1_308' title='bbox 1694 3309 1910 3386; x_wconf 89' lang='lat' dir='ltr'><strong>concedendis,</strong></span> <span class='ocrx_word' id='word_1_309' title='bbox 1942 3327 2003 3374; x_wconf 93' lang='lat' dir='ltr'><strong>nou</strong></span> <span class='ocrx_word' id='word_1_310' title='bbox 2027 3311 2228 3376; x_wconf 81' lang='lat' dir='ltr'><strong>obstantibus.</strong></span> 
     </span>
     <span class='ocr_line' id='line_1_24' title="bbox 540 3426 2227 3508; baseline 0.001 -15"><span class='ocrx_word' id='word_1_311' title='bbox 540 3431 577 3494; x_wconf 84' lang='lat' dir='ltr'><strong>Et</strong></span> <span class='ocrx_word' id='word_1_312' title='bbox 598 3431 666 3494; x_wconf 90' lang='lat' dir='ltr'><strong>ideo</strong></span> <span class='ocrx_word' id='word_1_313' title='bbox 688 3432 774 3494; x_wconf 87' lang='lat' dir='ltr'><strong>robis</strong></span> <span class='ocrx_word' id='word_1_314' title='bbox 793 3429 983 3505; x_wconf 87' lang='lat' dir='ltr'><strong>mandamus,</strong></span> <span class='ocrx_word' id='word_1_315' title='bbox 1006 3427 1089 3508; x_wconf 93' lang='lat' dir='ltr'><strong>quod</strong></span> <span class='ocrx_word' id='word_1_316' title='bbox 1110 3443 1215 3492; x_wconf 91' lang='lat' dir='ltr'><strong>omncs</strong></span> <span class='ocrx_word' id='word_1_317' title='bbox 1231 3427 1384 3505; x_wconf 89' lang='lat' dir='ltr'><strong>predictos</strong></span> <span class='ocrx_word' id='word_1_318' title='bbox 1397 3435 1584 3491; x_wconf 86' lang='lat' dir='ltr'><strong>mercatores</strong></span> <span class='ocrx_word' id='word_1_319' title='bbox 1596 3427 1635 3490; x_wconf 92' lang='lat' dir='ltr'><strong>de</strong></span> <span class='ocrx_word' id='word_1_320' title='bbox 1647 3426 1749 3492; x_wconf 86' lang='lat' dir='ltr'><strong>Harsa</strong></span> <span class='ocrx_word' id='word_1_321' title='bbox 1765 3428 1953 3506; x_wconf 79' lang='lat' dir='ltr'><strong>Alemannis,</strong></span> <span class='ocrx_word' id='word_1_322' title='bbox 1976 3446 2081 3495; x_wconf 91' lang='lat' dir='ltr'><strong>corum</strong></span> <span class='ocrx_word' id='word_1_323' title='bbox 2099 3439 2227 3508; x_wconf 90' lang='lat' dir='ltr'><strong>actores,</strong></span> 
     </span>
     <span class='ocr_line' id='line_1_25' title="bbox 388 3546 2228 3628; baseline 0.001 -16"><span class='ocrx_word' id='word_1_324' title='bbox 388 3549 528 3623; x_wconf 85' lang='lat' dir='ltr'><strong>lectores,</strong></span> <span class='ocrx_word' id='word_1_325' title='bbox 552 3549 729 3626; x_wconf 75' lang='lat' dir='ltr'><strong>familiares,</strong></span> <span class='ocrx_word' id='word_1_326' title='bbox 752 3551 927 3625; x_wconf 86' lang='lat' dir='ltr'><strong>seruientes,</strong></span> <span class='ocrx_word' id='word_1_327' title='bbox 951 3553 1121 3610; x_wconf 89' lang='lat' dir='ltr'><strong>attornatos</strong></span> <span class='ocrx_word' id='word_1_328' title='bbox 1142 3554 1172 3609; x_wconf 92' lang='lat' dir='ltr'><strong>et</strong></span> <span class='ocrx_word' id='word_1_329' title='bbox 1193 3546 1353 3625; x_wconf 86' lang='lat' dir='ltr'><strong>deputatos</strong></span> <span class='ocrx_word' id='word_1_330' title='bbox 1375 3563 1458 3624; x_wconf 90' lang='lat' dir='ltr'><strong>suos,</strong></span> <span class='ocrx_word' id='word_1_331' title='bbox 1483 3554 1637 3609; x_wconf 89' lang='lat' dir='ltr'><strong>eteorum</strong></span> <span class='ocrx_word' id='word_1_332' title='bbox 1661 3547 1830 3624; x_wconf 87' lang='lat' dir='ltr'><strong>cuiuslibet,</strong></span> <span class='ocrx_word' id='word_1_333' title='bbox 1853 3564 2061 3628; x_wconf 88' lang='lat' dir='ltr'><strong>quoscunque,</strong></span> <span class='ocrx_word' id='word_1_334' title='bbox 2085 3567 2121 3613; x_wconf 88' lang='lat' dir='ltr'><strong>ac</strong></span> <span class='ocrx_word' id='word_1_335' title='bbox 2140 3552 2228 3626; x_wconf 87' lang='lat' dir='ltr'><strong>bona,</strong></span> 
     </span>
     <span class='ocr_line' id='line_1_26' title="bbox 391 3665 2228 3752; baseline 0.001 -22"><span class='ocrx_word' id='word_1_336' title='bbox 391 3685 450 3743; x_wconf 89' lang='lat' dir='ltr'><strong>res,</strong></span> <span class='ocrx_word' id='word_1_337' title='bbox 473 3676 592 3744; x_wconf 89' lang='lat' dir='ltr'><strong>nautas,</strong></span> <span class='ocrx_word' id='word_1_338' title='bbox 616 3669 809 3743; x_wconf 86' lang='lat' dir='ltr'><strong>marinarios,</strong></span> <span class='ocrx_word' id='word_1_339' title='bbox 832 3683 942 3742; x_wconf 90' lang='lat' dir='ltr'><strong>naues,</strong></span> <span class='ocrx_word' id='word_1_340' title='bbox 966 3667 1088 3747; x_wconf 86' lang='lat' dir='ltr'><strong>nauigia</strong></span> <span class='ocrx_word' id='word_1_341' title='bbox 1111 3675 1140 3728; x_wconf 95' lang='lat' dir='ltr'><strong>et</strong></span> <span class='ocrx_word' id='word_1_342' title='bbox 1161 3665 1368 3730; x_wconf 87' lang='lat' dir='ltr'><strong>mercandisas</strong></span> <span class='ocrx_word' id='word_1_343' title='bbox 1390 3681 1445 3728; x_wconf 91' lang='lat' dir='ltr'><strong>sua</strong></span> <span class='ocrx_word' id='word_1_344' title='bbox 1467 3679 1671 3744; x_wconf 82' lang='lat' dir='ltr'><strong>quecumque,</strong></span> <span class='ocrx_word' id='word_1_345' title='bbox 1702 3674 1788 3729; x_wconf 84' lang='grc'><strong>((111</strong></span> <span class='ocrx_word' id='word_1_346' title='bbox 1810 3682 1937 3748; x_wconf 89' lang='lat' dir='ltr'><strong>reguum</strong></span> <span class='ocrx_word' id='word_1_347' title='bbox 1960 3677 2097 3732; x_wconf 88' lang='lat' dir='ltr'><strong>unstrunr</strong></span> <span class='ocrx_word' id='word_1_348' title='bbox 2120 3668 2228 3752; x_wconf 76' lang='lat' dir='ltr'><strong>dogiie</strong></span> 
     </span>
     <span class='ocr_line' id='line_1_27' title="bbox 390 3783 2228 3869; baseline 0.002 -23"><span class='ocrx_word' id='word_1_349' title='bbox 390 3803 495 3849; x_wconf 80' lang='lat' dir='ltr'><strong>versus</strong></span> <span class='ocrx_word' id='word_1_350' title='bbox 517 3801 724 3864; x_wconf 88' lang='lat' dir='ltr'><strong>quascumque</strong></span> <span class='ocrx_word' id='word_1_351' title='bbox 748 3793 849 3865; x_wconf 87' lang='lat' dir='ltr'><strong>partes</strong></span> <span class='ocrx_word' id='word_1_352' title='bbox 871 3793 1001 3859; x_wconf 86' lang='lat' dir='ltr'><strong>exteras,</strong></span> <span class='ocrx_word' id='word_1_353' title='bbox 1025 3783 1073 3845; x_wconf 87' lang='lat' dir='ltr'><strong>rbi</strong></span> <span class='ocrx_word' id='word_1_354' title='bbox 1095 3784 1153 3846; x_wconf 90' lang='lat' dir='ltr'><strong>sibi</strong></span> <span class='ocrx_word' id='word_1_355' title='bbox 1175 3783 1334 3863; x_wconf 89' lang='lat' dir='ltr'><strong>placuerit,</strong></span> <span class='ocrx_word' id='word_1_356' title='bbox 1358 3783 1552 3858; x_wconf 88' lang='lat' dir='ltr'><strong>transeundo,</strong></span> <span class='ocrx_word' id='word_1_357' title='bbox 1576 3791 1606 3846; x_wconf 89' lang='lat' dir='ltr'><strong>et</strong></span> <span class='ocrx_word' id='word_1_358' title='bbox 1627 3788 1658 3846; x_wconf 92' lang='lat' dir='ltr'><strong>in</strong></span> <span class='ocrx_word' id='word_1_359' title='bbox 1680 3784 1793 3864; x_wconf 77' lang='lat' dir='ltr'><strong>dictum</strong></span> <span class='ocrx_word' id='word_1_360' title='bbox 1816 3802 1942 3867; x_wconf 86' lang='lat' dir='ltr'><strong>reguum</strong></span> <span class='ocrx_word' id='word_1_361' title='bbox 1956 3794 2093 3850; x_wconf 90' lang='lat' dir='ltr'><strong>nostrum</strong></span> <span class='ocrx_word' id='word_1_362' title='bbox 2110 3786 2228 3869; x_wconf 84' lang='lat' dir='ltr'><strong>Augiic,</strong></span> 
     </span>
     <span class='ocr_line' id='line_1_28' title="bbox 389 3900 2228 3982; baseline 0.001 -16"><span class='ocrx_word' id='word_1_363' title='bbox 389 3912 451 3966; x_wconf 92' lang='lat' dir='ltr'><strong>tam</strong></span> <span class='ocrx_word' id='word_1_364' title='bbox 474 3920 530 3981; x_wconf 92' lang='lat' dir='ltr'><strong>per</strong></span> <span class='ocrx_word' id='word_1_365' title='bbox 552 3921 646 3981; x_wconf 90' lang='lat' dir='ltr'><strong>mare,</strong></span> <span class='ocrx_word' id='word_1_366' title='bbox 669 3920 761 3982; x_wconf 90' lang='lat' dir='ltr'><strong>quem</strong></span> <span class='ocrx_word' id='word_1_367' title='bbox 784 3908 814 3965; x_wconf 88' lang='lat' dir='ltr'><strong>iu</strong></span> <span class='ocrx_word' id='word_1_368' title='bbox 837 3903 906 3966; x_wconf 87' lang='lat' dir='ltr'><strong>aliis</strong></span> <span class='ocrx_word' id='word_1_369' title='bbox 929 3901 1003 3964; x_wconf 89' lang='lat' dir='ltr'><strong>locis</strong></span> <span class='ocrx_word' id='word_1_370' title='bbox 1025 3901 1276 3981; x_wconf 90' lang='lat' dir='ltr'><strong>quibuscumque,</strong></span> <span class='ocrx_word' id='word_1_371' title='bbox 1299 3901 1457 3978; x_wconf 89' lang='lat' dir='ltr'><strong>veniendo,</strong></span> <span class='ocrx_word' id='word_1_372' title='bbox 1479 3910 1508 3965; x_wconf 94' lang='lat' dir='ltr'><strong>et</strong></span> <span class='ocrx_word' id='word_1_373' title='bbox 1530 3900 1641 3964; x_wconf 89' lang='lat' dir='ltr'><strong>ibidem</strong></span> <span class='ocrx_word' id='word_1_374' title='bbox 1662 3904 1828 3981; x_wconf 90' lang='lat' dir='ltr'><strong>morando,</strong></span> <span class='ocrx_word' id='word_1_375' title='bbox 1862 3911 1892 3968; x_wconf 89' lang='lat' dir='ltr'><strong>et</strong></span> <span class='ocrx_word' id='word_1_376' title='bbox 1914 3905 2024 3969; x_wconf 86' lang='lat' dir='ltr'><strong>abinde</strong></span> <span class='ocrx_word' id='word_1_377' title='bbox 2045 3905 2228 3969; x_wconf 88' lang='lat' dir='ltr'><strong>trausetmdo</strong></span> 
     </span>
     <span class='ocr_line' id='line_1_29' title="bbox 388 4016 2227 4105; baseline 0 -19"><span class='ocrx_word' id='word_1_378' title='bbox 388 4023 626 4098; x_wconf 89' lang='lat' dir='ltr'><strong>manuteneatis,</strong></span> <span class='ocrx_word' id='word_1_379' title='bbox 653 4023 820 4105; x_wconf 86' lang='lat' dir='ltr'><strong>protegatis</strong></span> <span class='ocrx_word' id='word_1_380' title='bbox 843 4029 872 4084; x_wconf 95' lang='lat' dir='ltr'><strong>ct</strong></span> <span class='ocrx_word' id='word_1_381' title='bbox 893 4016 1080 4096; x_wconf 78' lang='lat' dir='ltr'><strong>defendatis,</strong></span> <span class='ocrx_word' id='word_1_382' title='bbox 1110 4037 1170 4083; x_wconf 92' lang='lat' dir='ltr'><strong>unu</strong></span> <span class='ocrx_word' id='word_1_383' title='bbox 1193 4018 1356 4085; x_wconf 88' lang='lat' dir='ltr'><strong>iulcreutes</strong></span> <span class='ocrx_word' id='word_1_384' title='bbox 1378 4025 1421 4082; x_wconf 90' lang='lat' dir='ltr'><strong>eis</strong></span> <span class='ocrx_word' id='word_1_385' title='bbox 1445 4019 1489 4082; x_wconf 86' lang='lat' dir='ltr'><strong>vel</strong></span> <span class='ocrx_word' id='word_1_386' title='bbox 1515 4017 1620 4082; x_wconf 78' lang='lat' dir='ltr'><strong>inferri</strong></span> <span class='ocrx_word' id='word_1_387' title='bbox 1641 4025 1848 4100; x_wconf 89' lang='lat' dir='ltr'><strong>permittentes</strong></span> <span class='ocrx_word' id='word_1_388' title='bbox 1871 4025 2024 4100; x_wconf 88' lang='lat' dir='ltr'><strong>iniuriam,</strong></span> <span class='ocrx_word' id='word_1_389' title='bbox 2047 4025 2227 4100; x_wconf 87' lang='lat' dir='ltr'><strong>molestiam,</strong></span> 
     </span>
     <span class='ocr_line' id='line_1_30' title="bbox 388 4136 2228 4220; baseline -0.001 -15"><span class='ocrx_word' id='word_1_390' title='bbox 388 4141 566 4220; x_wconf 86' lang='lat' dir='ltr'><strong>dampnum,</strong></span> <span class='ocrx_word' id='word_1_391' title='bbox 591 4140 780 4214; x_wconf 81' lang='lat' dir='ltr'><strong>violenciam,</strong></span> <span class='ocrx_word' id='word_1_392' title='bbox 803 4137 1048 4218; x_wconf 89' lang='lat' dir='ltr'><strong>impedimentum</strong></span> <span class='ocrx_word' id='word_1_393' title='bbox 1066 4136 1190 4217; x_wconf 88' lang='lat' dir='ltr'><strong>aliquod</strong></span> <span class='ocrx_word' id='word_1_394' title='bbox 1213 4155 1267 4202; x_wconf 91' lang='lat' dir='ltr'><strong>seu</strong></span> <span class='ocrx_word' id='word_1_395' title='bbox 1289 4154 1468 4218; x_wconf 88' lang='lat' dir='ltr'><strong>grauameu.</strong></span> <span class='ocrx_word' id='word_1_396' title='bbox 1501 4137 1539 4201; x_wconf 89' lang='lat' dir='ltr'><strong>Et</strong></span> <span class='ocrx_word' id='word_1_397' title='bbox 1561 4140 1586 4200; x_wconf 92' lang='lat' dir='ltr'><strong>si</strong></span> <span class='ocrx_word' id='word_1_398' title='bbox 1609 4138 1688 4218; x_wconf 89' lang='lat' dir='ltr'><strong>quid</strong></span> <span class='ocrx_word' id='word_1_399' title='bbox 1704 4143 1748 4204; x_wconf 90' lang='lat' dir='ltr'><strong>eis</strong></span> <span class='ocrx_word' id='word_1_400' title='bbox 1764 4140 1952 4206; x_wconf 85' lang='lat' dir='ltr'><strong>lorisiactum</strong></span> <span class='ocrx_word' id='word_1_401' title='bbox 1975 4144 2039 4206; x_wconf 91' lang='lat' dir='ltr'><strong>siue</strong></span> <span class='ocrx_word' id='word_1_402' title='bbox 2054 4144 2228 4206; x_wconf 88' lang='lat' dir='ltr'><strong>iniuriatum</strong></span> 
     </span>
     <span class='ocr_line' id='line_1_31' title="bbox 390 4254 2229 4342; baseline 0.001 -20"><span class='ocrx_word' id='word_1_403' title='bbox 390 4259 497 4336; x_wconf 88' lang='lat' dir='ltr'><strong>luerit,</strong></span> <span class='ocrx_word' id='word_1_404' title='bbox 520 4259 550 4322; x_wconf 93' lang='lat' dir='ltr'><strong>id</strong></span> <span class='ocrx_word' id='word_1_405' title='bbox 573 4260 617 4322; x_wconf 92' lang='lat' dir='ltr'><strong>eis</strong></span> <span class='ocrx_word' id='word_1_406' title='bbox 639 4262 704 4322; x_wconf 90' lang='lat' dir='ltr'><strong>sine</strong></span> <span class='ocrx_word' id='word_1_407' title='bbox 726 4257 877 4320; x_wconf 89' lang='lat' dir='ltr'><strong>dilacione</strong></span> <span class='ocrx_word' id='word_1_408' title='bbox 905 4254 1003 4320; x_wconf 89' lang='lat' dir='ltr'><strong>debite</strong></span> <span class='ocrx_word' id='word_1_409' title='bbox 1030 4257 1143 4339; x_wconf 88' lang='lat' dir='ltr'><strong>corrigi</strong></span> <span class='ocrx_word' id='word_1_410' title='bbox 1170 4264 1199 4319; x_wconf 92' lang='lat' dir='ltr'><strong>et</strong></span> <span class='ocrx_word' id='word_1_411' title='bbox 1228 4255 1388 4318; x_wconf 75' lang='lat' dir='ltr'><strong>reformari</strong></span> <span class='ocrx_word' id='word_1_412' title='bbox 1410 4254 1538 4318; x_wconf 86' lang='lat' dir='ltr'><strong>iacietis.</strong></span> <span class='ocrx_word' id='word_1_413' title='bbox 1581 4255 1619 4318; x_wconf 85' lang='lat' dir='ltr'><strong>Et</strong></span> <span class='ocrx_word' id='word_1_414' title='bbox 1641 4256 1764 4322; x_wconf 85' lang='lat' dir='ltr'><strong>ulterius</strong></span> <span class='ocrx_word' id='word_1_415' title='bbox 1787 4258 1824 4322; x_wconf 87' lang='lat' dir='ltr'><strong>de</strong></span> <span class='ocrx_word' id='word_1_416' title='bbox 1847 4261 1978 4322; x_wconf 90' lang='lat' dir='ltr'><strong>uberiori</strong></span> <span class='ocrx_word' id='word_1_417' title='bbox 1999 4263 2103 4342; x_wconf 87' lang='lat' dir='ltr'><strong>gracia</strong></span> <span class='ocrx_word' id='word_1_418' title='bbox 2126 4269 2229 4324; x_wconf 85' lang='grc'><strong>111111</strong></span> 
     </span>
     <span class='ocr_line' id='line_1_32' title="bbox 387 4357 2229 4456; baseline -0.001 -15"><span class='ocrx_word' id='word_1_419' title='bbox 387 4379 527 4444; x_wconf 83' lang='lat' dir='ltr'><strong>uolumus</strong></span> <span class='ocrx_word' id='word_1_420' title='bbox 549 4387 579 4442; x_wconf 89' lang='lat' dir='ltr'><strong>et</strong></span> <span class='ocrx_word' id='word_1_421' title='bbox 600 4375 804 4453; x_wconf 89' lang='lat' dir='ltr'><strong>concedimus,</strong></span> <span class='ocrx_word' id='word_1_422' title='bbox 826 4373 908 4454; x_wconf 94' lang='lat' dir='ltr'><strong>quod</strong></span> <span class='ocrx_word' id='word_1_423' title='bbox 930 4373 1000 4437; x_wconf 91' lang='lat' dir='ltr'><strong>dicti</strong></span> <span class='ocrx_word' id='word_1_424' title='bbox 1022 4382 1207 4438; x_wconf 88' lang='lat' dir='ltr'><strong>mercatores</strong></span> <span class='ocrx_word' id='word_1_425' title='bbox 1229 4373 1266 4436; x_wconf 96' lang='grc'><strong>(11</strong></span> <span class='ocrx_word' id='word_1_426' title='bbox 1289 4371 1390 4436; x_wconf 87' lang='lat' dir='ltr'><strong>Hense</strong></span> <span class='ocrx_word' id='word_1_427' title='bbox 1413 4371 1591 4436; x_wconf 82' lang='lat' dir='ltr'><strong>Alemannis</strong></span> <span class='ocrx_word' id='word_1_428' title='bbox 1612 4357 1641 4435; x_wconf 83' lang='lat' dir='ltr'><strong>et</strong></span> <span class='ocrx_word' id='word_1_429' title='bbox 1664 4392 1770 4439; x_wconf 90' lang='lat' dir='ltr'><strong>corum</strong></span> <span class='ocrx_word' id='word_1_430' title='bbox 1794 4386 1923 4456; x_wconf 89' lang='lat' dir='ltr'><strong>actores,</strong></span> <span class='ocrx_word' id='word_1_431' title='bbox 1952 4377 2095 4456; x_wconf 82' lang='lat' dir='ltr'><strong>lectores,</strong></span> <span class='ocrx_word' id='word_1_432' title='bbox 2119 4379 2229 4442; x_wconf 83' lang='grc'><strong>1111111-</strong></span> 
     </span>
     <span class='ocr_line' id='line_1_33' title="bbox 387 4491 2228 4575; baseline 0 -15"><span class='ocrx_word' id='word_1_433' title='bbox 387 4515 467 4575; x_wconf 83' lang='grc'><strong>1111,</strong></span> <span class='ocrx_word' id='word_1_434' title='bbox 500 4497 683 4572; x_wconf 80' lang='grc'><strong>1111111111,</strong></span> <span class='ocrx_word' id='word_1_435' title='bbox 713 4495 856 4558; x_wconf 89' lang='lat' dir='ltr'><strong>attornati</strong></span> <span class='ocrx_word' id='word_1_436' title='bbox 878 4495 943 4556; x_wconf 92' lang='lat' dir='ltr'><strong>siue</strong></span> <span class='ocrx_word' id='word_1_437' title='bbox 965 4492 1116 4571; x_wconf 86' lang='lat' dir='ltr'><strong>deputati,</strong></span> <span class='ocrx_word' id='word_1_438' title='bbox 1148 4496 1178 4554; x_wconf 90' lang='lat' dir='ltr'><strong>in</strong></span> <span class='ocrx_word' id='word_1_439' title='bbox 1201 4491 1324 4572; x_wconf 88' lang='lat' dir='ltr'><strong>plenam</strong></span> <span class='ocrx_word' id='word_1_440' title='bbox 1351 4499 1380 4554; x_wconf 89' lang='lat' dir='ltr'><strong>et</strong></span> <span class='ocrx_word' id='word_1_441' title='bbox 1402 4493 1562 4572; x_wconf 90' lang='lat' dir='ltr'><strong>pristinam</strong></span> <span class='ocrx_word' id='word_1_442' title='bbox 1583 4497 1807 4574; x_wconf 88' lang='lat' dir='ltr'><strong>possessiouem</strong></span> <span class='ocrx_word' id='word_1_443' title='bbox 1830 4505 1859 4560; x_wconf 89' lang='lat' dir='ltr'><strong>et</strong></span> <span class='ocrx_word' id='word_1_444' title='bbox 1880 4505 2058 4575; x_wconf 84' lang='lat' dir='ltr'><strong>potestatem</strong></span> <span class='ocrx_word' id='word_1_445' title='bbox 2081 4499 2228 4560; x_wconf 91' lang='lat' dir='ltr'><strong>bonorum</strong></span> 
     </span>
     <span class='ocr_line' id='line_1_34' title="bbox 388 4610 2228 4694; baseline 0.001 -16"><span class='ocrx_word' id='word_1_446' title='bbox 388 4625 418 4678; x_wconf 91' lang='lat' dir='ltr'><strong>ct</strong></span> <span class='ocrx_word' id='word_1_447' title='bbox 441 4614 701 4678; x_wconf 87' lang='lat' dir='ltr'><strong>mercandisarum</strong></span> <span class='ocrx_word' id='word_1_448' title='bbox 723 4628 866 4689; x_wconf 89' lang='lat' dir='ltr'><strong>suorum,</strong></span> <span class='ocrx_word' id='word_1_449' title='bbox 896 4612 924 4676; x_wconf 92' lang='lat' dir='ltr'><strong>si</strong></span> <span class='ocrx_word' id='word_1_450' title='bbox 946 4628 1002 4691; x_wconf 90' lang='lat' dir='ltr'><strong>per</strong></span> <span class='ocrx_word' id='word_1_451' title='bbox 1024 4610 1143 4688; x_wconf 90' lang='lat' dir='ltr'><strong>aliquos</strong></span> <span class='ocrx_word' id='word_1_452' title='bbox 1166 4617 1255 4689; x_wconf 85' lang='lat' dir='ltr'><strong>capta</strong></span> <span class='ocrx_word' id='word_1_453' title='bbox 1278 4627 1331 4674; x_wconf 88' lang='lat' dir='ltr'><strong>seu</strong></span> <span class='ocrx_word' id='word_1_454' title='bbox 1354 4619 1502 4674; x_wconf 88' lang='lat' dir='ltr'><strong>arrestata</strong></span> <span class='ocrx_word' id='word_1_455' title='bbox 1523 4610 1650 4689; x_wconf 86' lang='lat' dir='ltr'><strong>luerint,</strong></span> <span class='ocrx_word' id='word_1_456' title='bbox 1680 4614 1711 4676; x_wconf 91' lang='lat' dir='ltr'><strong>iu</strong></span> <span class='ocrx_word' id='word_1_457' title='bbox 1733 4629 1993 4694; x_wconf 89' lang='lat' dir='ltr'><strong>quorumcumque</strong></span> <span class='ocrx_word' id='word_1_458' title='bbox 2015 4617 2154 4680; x_wconf 88' lang='lat' dir='ltr'><strong>manibus</strong></span> <span class='ocrx_word' id='word_1_459' title='bbox 2175 4632 2228 4680; x_wconf 91' lang='lat' dir='ltr'><strong>seu</strong></span> 
     </span>
     <span class='ocr_line' id='line_1_35' title="bbox 389 4727 2227 4812; baseline 0.001 -17"><span class='ocrx_word' id='word_1_460' title='bbox 389 4735 580 4812; x_wconf 87' lang='lat' dir='ltr'><strong>possessione</strong></span> <span class='ocrx_word' id='word_1_461' title='bbox 603 4733 682 4795; x_wconf 90' lang='lat' dir='ltr'><strong>bona</strong></span> <span class='ocrx_word' id='word_1_462' title='bbox 713 4739 742 4794; x_wconf 90' lang='lat' dir='ltr'><strong>ct</strong></span> <span class='ocrx_word' id='word_1_463' title='bbox 765 4729 953 4793; x_wconf 88' lang='lat' dir='ltr'><strong>mercandise</strong></span> <span class='ocrx_word' id='word_1_464' title='bbox 976 4727 1029 4791; x_wconf 92' lang='lat' dir='ltr'><strong>illa</strong></span> <span class='ocrx_word' id='word_1_465' title='bbox 1052 4729 1179 4791; x_wconf 85' lang='lat' dir='ltr'><strong>inueniri</strong></span> <span class='ocrx_word' id='word_1_466' title='bbox 1201 4736 1361 4809; x_wconf 90' lang='lat' dir='ltr'><strong>poterunt,</strong></span> <span class='ocrx_word' id='word_1_467' title='bbox 1395 4728 1532 4807; x_wconf 88' lang='lat' dir='ltr'><strong>plenarie</strong></span> <span class='ocrx_word' id='word_1_468' title='bbox 1561 4738 1590 4792; x_wconf 91' lang='lat' dir='ltr'><strong>et</strong></span> <span class='ocrx_word' id='word_1_469' title='bbox 1617 4733 1734 4812; x_wconf 86' lang='lat' dir='ltr'><strong>integre</strong></span> <span class='ocrx_word' id='word_1_470' title='bbox 1763 4731 1973 4809; x_wconf 89' lang='lat' dir='ltr'><strong>restituantur,</strong></span> <span class='ocrx_word' id='word_1_471' title='bbox 2007 4732 2096 4796; x_wconf 88' lang='lat' dir='ltr'><strong>dictis</strong></span> <span class='ocrx_word' id='word_1_472' title='bbox 2124 4733 2227 4796; x_wconf 91' lang='lat' dir='ltr'><strong>litteris</strong></span> 
     </span>
     <span class='ocr_line' id='line_1_36' title="bbox 391 4843 2228 4928; baseline 0.001 -16"><span class='ocrx_word' id='word_1_473' title='bbox 391 4853 503 4912; x_wconf 93' lang='lat' dir='ltr'><strong>uostris</strong></span> <span class='ocrx_word' id='word_1_474' title='bbox 524 4849 562 4912; x_wconf 93' lang='lat' dir='ltr'><strong>de</strong></span> <span class='ocrx_word' id='word_1_475' title='bbox 585 4865 711 4927; x_wconf 89' lang='lat' dir='ltr'><strong>ruarqua</strong></span> <span class='ocrx_word' id='word_1_476' title='bbox 734 4846 854 4926; x_wconf 82' lang='lat' dir='ltr'><strong>prelato</strong></span> <span class='ocrx_word' id='word_1_477' title='bbox 876 4847 1007 4912; x_wconf 87' lang='lat' dir='ltr'><strong>ilenrico</strong></span> <span class='ocrx_word' id='word_1_478' title='bbox 1030 4843 1154 4925; x_wconf 88' lang='lat' dir='ltr'><strong>Spicer,</strong></span> <span class='ocrx_word' id='word_1_479' title='bbox 1183 4855 1235 4910; x_wconf 86' lang='lat' dir='ltr'><strong>aut</strong></span> <span class='ocrx_word' id='word_1_480' title='bbox 1257 4847 1349 4910; x_wconf 93' lang='lat' dir='ltr'><strong>alicui</strong></span> <span class='ocrx_word' id='word_1_481' title='bbox 1371 4847 1424 4910; x_wconf 90' lang='lat' dir='ltr'><strong>alii</strong></span> <span class='ocrx_word' id='word_1_482' title='bbox 1452 4864 1599 4926; x_wconf 87' lang='lat' dir='ltr'><strong>persone,</strong></span> <span class='ocrx_word' id='word_1_483' title='bbox 1627 4857 1657 4910; x_wconf 79' lang='lat' dir='ltr'><strong>tt</strong></span> <span class='ocrx_word' id='word_1_484' title='bbox 1683 4849 1852 4928; x_wconf 89' lang='lat' dir='ltr'><strong>predictum</strong></span> <span class='ocrx_word' id='word_1_485' title='bbox 1874 4858 1936 4927; x_wconf 89' lang='lat' dir='ltr'><strong>est,</strong></span> <span class='ocrx_word' id='word_1_486' title='bbox 1967 4853 2136 4928; x_wconf 86' lang='lat' dir='ltr'><strong>concessis,</strong></span> <span class='ocrx_word' id='word_1_487' title='bbox 2165 4853 2228 4914; x_wconf 89' lang='lat' dir='ltr'><strong>siue</strong></span> 
     </span>
     <span class='ocr_line' id='line_1_37' title="bbox 391 4964 2229 5046; baseline 0.002 -16"><span class='ocrx_word' id='word_1_488' title='bbox 391 4967 496 5044; x_wconf 91' lang='lat' dir='ltr'><strong>aliquo</strong></span> <span class='ocrx_word' id='word_1_489' title='bbox 519 4966 579 5029; x_wconf 89' lang='lat' dir='ltr'><strong>alio</strong></span> <span class='ocrx_word' id='word_1_490' title='bbox 602 4967 745 5030; x_wconf 87' lang='lat' dir='ltr'><strong>mandato</strong></span> <span class='ocrx_word' id='word_1_491' title='bbox 768 4974 871 5029; x_wconf 92' lang='lat' dir='ltr'><strong>nostro</strong></span> <span class='ocrx_word' id='word_1_492' title='bbox 893 4971 979 5044; x_wconf 85' lang='lat' dir='ltr'><strong>prius</strong></span> <span class='ocrx_word' id='word_1_493' title='bbox 1002 4967 1033 5027; x_wconf 90' lang='lat' dir='ltr'><strong>iu</strong></span> <span class='ocrx_word' id='word_1_494' title='bbox 1056 4966 1242 5028; x_wconf 87' lang='lat' dir='ltr'><strong>contrarium</strong></span> <span class='ocrx_word' id='word_1_495' title='bbox 1269 4964 1383 5026; x_wconf 91' lang='lat' dir='ltr'><strong>directo</strong></span> <span class='ocrx_word' id='word_1_496' title='bbox 1406 4965 1690 5030; x_wconf 89' lang='lat' dir='ltr'><strong>nonobstantibus.</strong></span> <span class='ocrx_word' id='word_1_497' title='bbox 1735 4966 1877 5030; x_wconf 87' lang='lat' dir='ltr'><strong>Nolcutcs</strong></span> <span class='ocrx_word' id='word_1_498' title='bbox 1898 4969 1980 5046; x_wconf 92' lang='lat' dir='ltr'><strong>quud</strong></span> <span class='ocrx_word' id='word_1_499' title='bbox 2001 4969 2092 5032; x_wconf 89' lang='lat' dir='ltr'><strong>iidem</strong></span> <span class='ocrx_word' id='word_1_500' title='bbox 2115 4985 2229 5034; x_wconf 85' lang='lat' dir='ltr'><strong>merct-</strong></span> 
     </span>
     <span class='ocr_line' id='line_1_38' title="bbox 390 5082 2229 5168; baseline 0.002 -19"><span class='ocrx_word' id='word_1_501' title='bbox 390 5096 471 5150; x_wconf 91' lang='lat' dir='ltr'><strong>torcs</strong></span> <span class='ocrx_word' id='word_1_502' title='bbox 493 5091 546 5148; x_wconf 91' lang='lat' dir='ltr'><strong>aut</strong></span> <span class='ocrx_word' id='word_1_503' title='bbox 567 5099 672 5145; x_wconf 89' lang='lat' dir='ltr'><strong>eoruru</strong></span> <span class='ocrx_word' id='word_1_504' title='bbox 695 5092 823 5159; x_wconf 91' lang='lat' dir='ltr'><strong>actores,</strong></span> <span class='ocrx_word' id='word_1_505' title='bbox 846 5082 987 5164; x_wconf 77' lang='lat' dir='ltr'><strong>factores,</strong></span> <span class='ocrx_word' id='word_1_506' title='bbox 1011 5083 1187 5160; x_wconf 85' lang='lat' dir='ltr'><strong>lemiliaees,</strong></span> <span class='ocrx_word' id='word_1_507' title='bbox 1211 5083 1387 5159; x_wconf 88' lang='lat' dir='ltr'><strong>seruieules,</strong></span> <span class='ocrx_word' id='word_1_508' title='bbox 1410 5089 1553 5148; x_wconf 86' lang='lat' dir='ltr'><strong>attornati</strong></span> <span class='ocrx_word' id='word_1_509' title='bbox 1576 5089 1641 5150; x_wconf 90' lang='lat' dir='ltr'><strong>siue</strong></span> <span class='ocrx_word' id='word_1_510' title='bbox 1663 5085 1808 5164; x_wconf 85' lang='lat' dir='ltr'><strong>deputati,</strong></span> <span class='ocrx_word' id='word_1_511' title='bbox 1832 5093 1884 5148; x_wconf 92' lang='lat' dir='ltr'><strong>aut</strong></span> <span class='ocrx_word' id='word_1_512' title='bbox 1905 5103 2009 5150; x_wconf 90' lang='lat' dir='ltr'><strong>eorum</strong></span> <span class='ocrx_word' id='word_1_513' title='bbox 2031 5087 2152 5168; x_wconf 90' lang='lat' dir='ltr'><strong>aliquis,</strong></span> <span class='ocrx_word' id='word_1_514' title='bbox 2175 5107 2229 5152; x_wconf 90' lang='lat' dir='ltr'><strong>uec</strong></span> 
     </span>
     <span class='ocr_line' id='line_1_39' title="bbox 391 5201 2229 5285; baseline 0.002 -17"><span class='ocrx_word' id='word_1_515' title='bbox 391 5207 480 5281; x_wconf 89' lang='lat' dir='ltr'><strong>bona,</strong></span> <span class='ocrx_word' id='word_1_516' title='bbox 505 5219 564 5280; x_wconf 88' lang='lat' dir='ltr'><strong>res,</strong></span> <span class='ocrx_word' id='word_1_517' title='bbox 588 5208 688 5277; x_wconf 88' lang='lat' dir='ltr'><strong>naute,</strong></span> <span class='ocrx_word' id='word_1_518' title='bbox 712 5202 879 5279; x_wconf 86' lang='lat' dir='ltr'><strong>marinarii,</strong></span> <span class='ocrx_word' id='word_1_519' title='bbox 902 5219 1007 5280; x_wconf 88' lang='lat' dir='ltr'><strong>naues,</strong></span> <span class='ocrx_word' id='word_1_520' title='bbox 1030 5203 1163 5285; x_wconf 88' lang='lat' dir='ltr'><strong>nauigia,</strong></span> <span class='ocrx_word' id='word_1_521' title='bbox 1184 5209 1214 5264; x_wconf 93' lang='lat' dir='ltr'><strong>et</strong></span> <span class='ocrx_word' id='word_1_522' title='bbox 1231 5201 1419 5266; x_wconf 88' lang='lat' dir='ltr'><strong>mercandisc</strong></span> <span class='ocrx_word' id='word_1_523' title='bbox 1436 5218 1491 5266; x_wconf 89' lang='lat' dir='ltr'><strong>sua</strong></span> <span class='ocrx_word' id='word_1_524' title='bbox 1510 5204 1645 5284; x_wconf 89' lang='lat' dir='ltr'><strong>predicta</strong></span> <span class='ocrx_word' id='word_1_525' title='bbox 1662 5219 1859 5282; x_wconf 91' lang='lat' dir='ltr'><strong>quecumque,</strong></span> <span class='ocrx_word' id='word_1_526' title='bbox 1882 5208 2040 5270; x_wconf 88' lang='lat' dir='ltr'><strong>occasione</strong></span> <span class='ocrx_word' id='word_1_527' title='bbox 2056 5206 2229 5271; x_wconf 87' lang='lat' dir='ltr'><strong>huiusmodi</strong></span> 
     </span>
    </p>
   </div>
   <div class='ocr_carea' id='block_1_5' title="bbox 0 0 2462 6244">
    <p class='ocr_par' dir='ltr' id='par_1_6' title="bbox 0 0 2462 6244">
     <span class='ocr_line' id='line_1_40' title="bbox 0 0 2462 6244; baseline 0 0"><span class='ocrx_word' id='word_1_528' title='bbox 0 0 2462 6244; x_wconf 95' lang='lat' dir='ltr'><strong> </strong></span> 
     </span>
    </p>
   </div>
  </div>
 </body>
</html>
