4914 6254
975 533 1083 632 1458,
1110 537 1255 612 October
1281 535 1340 608 25.
1981 541 2059 622 101

242 829 330 893 terris
351 834 380 890 et
401 826 575 890 tenementis
597 833 627 888 et
647 826 781 890 terminis
803 823 886 888 solus
904 823 1023 890 saisitus
1045 834 1075 889 ct
1095 825 1336 906 possessionates
1352 829 1489 902 existens,
1512 825 1561 904 pia
1581 828 1749 890 intencione
1770 834 1799 889 et
1819 825 1929 890 denota
1946 841 2059 890 meme-

243 949 300 1011 rati
321 945 466 1012 lobannis
487 943 661 1027 lleynewell
685 943 889 1022 considerata,
913 961 949 1008 ac
970 951 1089 1008 matero
1111 944 1237 1008 consilio
1258 945 1288 1007 in
1312 944 1378 1026 tege
1399 944 1582 1008 eruditorem
1605 961 1787 1010 crassense
1809 945 1880 1010 dicti
1903 945 2060 1010 Willielmi

241 1065 394 1130 Abrabam
416 1068 446 1128 iu
469 1065 526 1128 bac
548 1071 633 1144 parte
661 1063 752 1128 michi
773 1071 944 1143 assumpto,
974 1062 1223 1143 consideratoque
1253 1064 1377 1128 nitentes
1406 1062 1537 1142 quodam
1557 1062 1747 1129 ieoiiamento
1773 1063 1928 1129 cuiusdam
1951 1065 2058 1130 donnus

241 1188 368 1266 petrino,
391 1187 445 1248 site
466 1187 497 1248 in
519 1182 662 1274 parocbia
685 1184 781 1248 sancti
798 1182 960 1264 Botbulpbi
978 1187 1059 1247 iuxta
1082 1181 1315 1266 liillyngesgate‚
1339 1183 1483 1261 uidelicet,
1506 1186 1584 1246 inter
1605 1184 1762 1248 ecclesiam
1784 1185 1882 1248 sancti
1896 1183 2059 1265 Botbulpbi

240 1305 369 1385 predicti
391 1321 428 1366 ex
449 1311 536 1385 parte
557 1303 684 1380 borcali,
707 1310 736 1366 et
759 1312 924 1366 tenemento
946 1303 1070 1366 maioris
1092 1310 1121 1367 et
1142 1303 1363 1367 communitatis
1386 1303 1514 1366 ciuitatis
1533 1301 1668 1368 Londcn.
1691 1304 1886 1382 expertibus
1908 1303 2057 1379 orientali,

239 1423 367 1490 australi
387 1431 416 1487 et
437 1421 627 1499 occidentali,
649 1439 704 1502 per
725 1419 895 1486 Galtridem
917 1421 1041 1504 Beleyn,
1063 1422 1219 1499 maiorem,
1242 1429 1271 1484 et
1292 1425 1535 1486 communitatem
1558 1424 1687 1487 ciuitatis
1708 1421 1841 1505 predicte
1863 1423 1953 1488 michi
1973 1422 2060 1486 bere·

240 1544 329 1608 dibus
351 1551 381 1606 et
401 1542 563 1624 assignatis
585 1543 660 1604 meis
676 1556 772 1622 nuper
793 1539 890 1619 lacto;
912 1557 970 1620 que
986 1541 1094 1606 domus
1116 1548 1161 1604 est
1181 1541 1219 1606 de
1237 1558 1317 1604 anno
1333 1541 1444 1606 valoris
1460 1543 1563 1624 uiginti
1580 1542 1765 1620 solidorum
1788 1552 1817 1606 et
1832 1543 1916 1606 illam
1939 1544 2057 1619 rectori,

240 1661 473 1741 custodibusque
494 1668 523 1725 et
537 1659 729 1741 parochianis
750 1660 883 1741 predicte
899 1659 1023 1725 ecclesie
1044 1662 1139 1726 sancti
1156 1659 1319 1741 Botbclpbi
1340 1669 1369 1724 et
1387 1663 1610 1726 successoribus
1626 1663 1698 1740 seis,
1722 1669 1862 1742 tanquam
1879 1661 2058 1726 uestibulum

239 1781 318 1845 dicte
339 1781 463 1846 ecclesie
491 1784 710 1859 imperpetuum
737 1781 930 1857 servituram,
957 1795 1014 1857 pro
1035 1779 1130 1844 sainte
1152 1782 1251 1844 enimc
1278 1780 1350 1844 dicti
1371 1779 1517 1844 lobannis
1539 1780 1728 1862 lieynewell,
1757 1782 1839 1845 iuxta
1861 1781 2058 1846 intencionem

238 1917 343 1978 suam,
376 1900 477 1983 legare
499 1901 529 1962 io
552 1898 703 1963 volentate
725 1901 838 1976 eristo;
872 1916 928 1980 per
955 1899 1013 1962 boc
1034 1915 1158 1977 presens
1179 1906 1386 1963 testamentum
1410 1915 1525 1978 meum,
1558 1899 1597 1964 do
1619 1908 1649 1963 et
1670 1900 1738 1984 lego
1760 1899 1884 1979 prelato
1903 1897 2058 1983 tietfrido

239 2017 383 2107 Boleyc,
406 2019 530 2095 maiori,
560 2026 589 2082 et
611 2019 817 2082 communitati
839 2018 966 2083 civitatis
987 2017 1129 2096 medon,
1158 2027 1187 2082 et
1208 2019 1432 2084 successoribus
1454 2015 1534 2097 selis,
1567 2021 1670 2104 viginti
1690 2019 1821 2097 solidos,
1845 2019 2056 2100 percipiendos

238 2141 389 2206 annuatim
418 2136 455 2201 de
482 2137 622 2201 omnibus
647 2135 791 2218 predictis
821 2138 909 2200 terris
938 2144 967 2201 et
996 2138 1171 2202 tenementis
1198 2154 1267 2200 cem
1296 2139 1358 2201 suis
1387 2139 1592 2219 pertinenciis,
1625 2141 1656 2202 in
1685 2142 2000 2219 recompensacionem
2028 2147 2057 2202 et

236 2257 470 2322 satisfactionem
498 2257 556 2320 soli
584 2265 613 2320 ct
641 2254 775 2336 predicte
801 2256 909 2320 domes
937 2260 1054 2335 petrice
1082 2256 1122 2320 ad
1148 2264 1279 2336 quatuor
1307 2259 1376 2320 anei
1404 2260 1547 2322 terminos
1575 2259 1605 2320 in
1628 2259 1746 2322 civitate
1766 2256 1902 2322 London.
1926 2258 2056 2334 usuales,

234 2393 291 2454 per
311 2376 434 2456 equales
456 2377 625 2456 porciones.
669 2375 712 2439 lta
733 2373 816 2455 quod
837 2376 912 2441 benc
932 2375 1034 2440 licebit
1054 2375 1167 2440 eisdem
1188 2379 1296 2441 maiori
1319 2384 1348 2439 et
1370 2380 1575 2441 communitati
1597 2386 1626 2440 et
1646 2377 1870 2442 successoribus
1892 2379 1970 2454 seis,
1998 2392 2055 2455 pro

234 2496 372 2574 predicto
400 2495 517 2560 redditu
546 2496 650 2577 viginti
677 2493 859 2573 solidorum,
894 2497 1006 2560 tociens
1028 2497 1163 2574 quotiens
1190 2495 1269 2561 idem
1296 2495 1429 2560 redditus
1452 2514 1469 2559 a
1491 2506 1574 2560 retro
1595 2496 1685 2560 luerit
1711 2499 1742 2560 in
1763 2505 1849 2576 parte
1872 2497 1917 2560 rel
1940 2497 1969 2559 in
1993 2504 2055 2559 toto

234 2624 305 2696 post
326 2614 458 2694 aliquem
481 2615 641 2678 terminum
661 2613 824 2679 solucionis
845 2615 978 2696 predicte
1004 2632 1064 2678 noo
1086 2615 1218 2693 solutus,
1248 2617 1280 2678 in
1301 2616 1442 2680 omnibus
1463 2615 1605 2694 predictis
1628 2617 1716 2680 terris
1738 2625 1767 2681 et
1791 2619 1965 2680 tenementis
1987 2631 2055 2678 cem

234 2735 428 2815 pertinenciis
449 2735 562 2796 intrare
584 2741 613 2795 et
634 2731 823 2816 distringere,
846 2732 1105 2816 districtionesqec
1120 2738 1164 2798 sic
1180 2742 1285 2815 captas
1303 2734 1382 2799 licite
1397 2744 1564 2815 asportare,
1587 2735 1729 2818 ellegere,
1751 2735 1901 2800 abducere
1918 2743 1947 2798 et
1964 2751 2055 2813 penes

233 2871 266 2918 se
289 2854 426 2930 renuere,
448 2868 605 2934 quousque
627 2852 664 2916 de
686 2851 803 2917 reddite
825 2852 960 2931 predicto
983 2851 1020 2916 dc
1041 2854 1181 2918 omnbus
1203 2854 1365 2936 arreragiis
1387 2854 1537 2931 eiusdem,
1557 2857 1584 2918 si
1606 2871 1664 2934 que
1685 2853 1811 2933 tuerint,
1840 2855 1899 2920 sibi
1921 2855 2055 2935 plenarie

233 2971 324 3036 tuerit
344 2971 530 3038 satisfactum
552 2979 581 3036 et
602 2971 800 3054 persolutum.
838 2971 959 3036 Necnon
981 2971 1021 3036 dc
1043 2980 1072 3035 et
1093 2972 1162 3054 lego
1184 2969 1296 3036 eisdem
1319 2974 1427 3036 maiori
1449 2981 1479 3037 et
1500 2975 1705 3038 communitati
1726 2991 1762 3038 ac
1784 2975 1950 3037 camerario
1972 2970 2055 3054 Gey·
2088 3040 2093 3052 ,

238 3091 328 3156 balde
346 3091 480 3171 predicte
497 3093 637 3169 ciuitatis,
660 3092 760 3156 omnia
782 3109 819 3156 ac
840 3091 960 3176 singula
981 3090 1130 3172 predicta,
1148 3100 1245 3156 terras
1265 3101 1295 3156 et
1310 3100 1488 3170 tenemento,
1510 3110 1578 3157 cum
1601 3093 1747 3172 whareis,
1769 3094 1919 3172 domibus,
1941 3096 2053 3158 mansi-

233 3209 357 3286 onibus,
379 3210 496 3290 sbopis,
520 3211 655 3288 cetariis,
677 3211 799 3288 solariis
822 3221 851 3276 et
872 3211 941 3274 aliis
961 3215 1025 3276 suis
1047 3212 1163 3276 iuribus
1185 3220 1214 3276 et
1235 3213 1428 3292 pertinenciis
1451 3214 1612 3291 enirersis,
1642 3230 1758 3278 necnon
1781 3231 1886 3278 ornnes
1907 3221 2003 3278 states
2025 3221 2054 3277 et

232 3328 377 3392 terquinos
398 3344 475 3408 qocs
496 3327 609 3406 babeo,
638 3337 698 3392 tan
725 3332 757 3392 io
785 3331 927 3410 predictis
958 3333 1132 3394 tenementis
1159 3347 1228 3394 com
1250 3331 1378 3395 wbaruc
1407 3317 1446 3394 et*
1463 3332 1530 3396 aliis
1552 3333 1614 3396 suis
1642 3335 1849 3412 pertinenciis,
1877 3349 1935 3412 quc
1957 3331 2054 3395 dictus

231 3447 383 3512 lebannes
404 3447 581 3528 llcynewell
602 3449 646 3511 sic
669 3450 761 3511 tenuit
782 3447 821 3512 ad
844 3451 1003 3512 terminum
1026 3465 1172 3512 annorum
1193 3465 1231 3512 cr
1252 3451 1446 3513 concessione
1466 3449 1654 3528 prelatorum
1676 3452 1887 3534 religiosorum
1909 3452 2051 3526 uirorum,

230 3567 343 3646 prioris
364 3576 395 3632 et
416 3575 580 3630 conuentus
600 3563 728 3644 predicti
749 3568 923 3632 monasterii
944 3575 1046 3632 sancte
1067 3567 1237 3646 Trinitatis,
1258 3585 1348 3648 quarn
1371 3571 1401 3631 in
1422 3568 1566 3648 predictis
1587 3574 1763 3634 tenementis
1784 3587 1852 3634 cum
1868 3569 2003 3644 ¹rebaruc
2025 3577 2054 3633 et

229 3689 293 3752 suis
314 3687 522 3765 pertinenciis,
544 3703 602 3765 que
625 3683 791 3750 antedictus
811 3686 961 3750 lebannes
983 3686 1158 3768 lteynewell
1180 3689 1223 3751 sic
1245 3689 1339 3751 tenuit
1361 3689 1399 3750 ad
1422 3689 1581 3752 terminum
1603 3705 1769 3767 annorum,
1799 3707 1836 3753 er
1858 3691 2050 3754 concessione

229 3804 417 3885 prelatorum
446 3805 658 3889 religiosorem
687 3806 836 3883 virorem,
870 3807 981 3885 prioris
1012 3814 1041 3870 et
1069 3813 1232 3870 conuentus
1254 3805 1353 3874 Beate
1375 3805 1483 3874 ,llario
1505 3806 1544 3874 dc
1566 3805 1826 3896 Elrpepspr‘tell,·
1855 3808 1992 3874 babendo
2023 3816 2051 3873 et

230 3925 357 3988 tenenda
384 3927 485 3988 omnia
514 3925 618 3989 cadem
646 3932 744 3988 terras
773 3933 802 3989 et
831 3934 1014 4002 tenemento,
1049 3942 1116 3989 curn
1146 3925 1297 4005 esbernis,
1332 3927 1486 4006 domibus,
1523 3929 1744 4006 mansionibus,
1773 3927 1892 4009 stopie,
1921 3929 2051 4006 cetariis,

230 4043 350 4106 solariis
366 4051 396 4107 et
410 4043 479 4106 aliis
495 4045 611 4108 iuribus
627 4051 657 4108 ct
670 4046 863 4125 pertinenciis
880 4044 1046 4123 antedictis,
1064 4043 1190 4125 pretatis
1206 4048 1324 4123 maiori,
1342 4048 1548 4110 communitati
1566 4055 1596 4111 et
1611 4049 1777 4110 camerario
1790 4057 1819 4112 et
1830 4049 2053 4113 successoribus

230 4163 294 4225 suis
315 4163 553 4244 imperpetuum
585 4163 623 4226 de
649 4163 828 4244 capitalibus
857 4163 987 4228 dominis
1015 4163 1096 4230 leodi
1122 4165 1203 4228 illius
1230 4182 1288 4245 per
1314 4168 1440 4230 servicia
1470 4166 1540 4230 inde
1567 4166 1666 4230 debita
1696 4175 1725 4230 et
1754 4167 1790 4232 de
1812 4169 1877 4231 iere
1898 4175 2052 4231 consucta.

228 4279 352 4345 Necnon
378 4289 407 4344 et
434 4280 678 4360 percipiendum,
708 4281 879 4347 babendum
902 4292 930 4346 ct
952 4283 1113 4348 tenendum
1139 4285 1241 4349 omnia
1268 4285 1402 4365 predicta
1428 4293 1524 4350 terras
1546 4296 1575 4351 ct
1598 4295 1780 4363 tenementa,
1802 4303 1860 4365 que
1881 4286 1979 4350 dictos
2000 4285 2051 4348 lc

228 4399 343 4464 banncs
364 4398 539 4480 Reynewell
560 4401 604 4464 sic
625 4403 720 4463 tenuit
741 4411 771 4464 et
791 4403 852 4464 iarn
874 4410 961 4466 teneo
982 4404 1020 4467 ad
1043 4405 1202 4468 terminum
1225 4420 1374 4468 annorum
1395 4405 1507 4470 ebdcm
1530 4409 1648 4483 maiori,
1671 4407 1878 4469 communitati
1899 4413 1929 4468 ct
1951 4421 2051 4470 came-

138 4587 140 4592 ,
228 4521 310 4584 rario
332 4527 362 4583 et
382 4519 608 4584 successoribus
630 4523 710 4598 suis,
741 4521 896 4600 usquead
919 4521 1007 4587 baem
1030 4525 1164 4586 omniurn
1186 4525 1398 4602 terminorum,
1421 4541 1497 4604 quos
1520 4524 1617 4590 babeo
1639 4531 1780 4587 venturos
1800 4525 1831 4586 io
1854 4523 1982 4602 eisdem,
2012 4522 2052 4587 ad

227 4639 296 4704 inde
317 4637 498 4716 laciendum,
521 4636 721 4701 ordinandum
743 4646 773 4702 ct
793 4639 1033 4720 perimplendum
1056 4645 1087 4706 in
1110 4643 1248 4707 omnibus
1270 4652 1299 4706 et
1320 4661 1377 4722 per
1398 4647 1509 4722 omnia,
1530 4661 1568 4707 ac
1590 4641 1680 4706 modo
1702 4651 1732 4705 et
1752 4641 1859 4720 torma,
1883 4652 1973 4724 prout
1993 4659 2051 4722 per

227 4758 410 4822 voluntatem
439 4758 535 4838 ipsius
556 4757 702 4821 lobannis
724 4757 897 4840 Reyncwell
927 4763 1065 4841 seperius
1096 4761 1159 4824 lieri
1188 4779 1240 4825 seu
1264 4762 1340 4826 velle
1366 4763 1552 4828 declaratum
1582 4769 1680 4824 estet
1709 4762 1911 4844 specificatum
1919 4781 1931 4842 3
1959 4771 2050 4845 prout

227 4879 324 4942 exitus
344 4886 374 4941 et
394 4877 530 4959 prodcua
552 4875 716 4942 eorundem
744 4885 892 4941 terrarum
920 4886 948 4942 et
970 4885 1208 4944 tentamentorum
1230 4897 1298 4945 cum
1321 4880 1472 4960 wbaruis,
1501 4881 1656 4960 domibus,
1685 4883 1906 4960 mansionibus,
1934 4883 2049 4964 sbopis,

227 4994 356 5074 celantis,
378 4995 498 5060 solariis
517 4995 562 5060 uel
584 4995 653 5060 aliis
675 4997 738 5059 suis
760 4997 876 5059 iuribus
899 5003 928 5060 et
948 4998 1138 5078 pertinenciis
1161 5002 1389 5082 prenominatis,
1412 5000 1491 5064 ultra
1508 5001 1720 5081 reparaciones
1742 5009 1770 5064 et
1791 5001 1852 5064 alia
1874 5019 2049 5084 quecunque

227 5131 319 5178 onera
341 5113 426 5192 inde,
454 5124 487 5180 ut
507 5114 675 5194 prefertur,
705 5123 898 5198 supportata,
927 5115 964 5180 ad
995 5116 1052 5182 boc
1081 5117 1218 5183 subicere
1240 5119 1369 5185 valeant.
1413 5119 1490 5185 Volo
1513 5121 1651 5202 insuper,
1681 5120 1762 5200 qued
1792 5121 1919 5202 predicti
1946 5123 2049 5204 uiginti

225 5232 313 5298 solidi
335 5237 427 5296 annui
443 5235 487 5298 sic
508 5235 621 5300 eisdem
643 5237 751 5300 maiori
773 5245 802 5300 et
817 5235 1023 5302 communitati
1044 5245 1074 5300 ct
1088 5239 1313 5304 successoribus
1335 5239 1408 5318 suis,
1431 5238 1518 5319 (licet
1539 5255 1663 5322 presens
1686 5240 1817 5324 legatum
1840 5241 1909 5305 tude
1929 5243 2046 5307 nullum
