4866 6264
834 657 841 666 ἣ
944 551 1054 650 turo,
1079 557 1202 650 nuper
1227 551 1288 624 11.
1944 550 2026 636 ter
2115 544 2120 552 ’

194 839 320 930 (Folpt
340 840 434 931 ohe‘pe
456 839 521 910 No.
545 837 635 926 bii,
661 859 739 908 uere
759 837 862 906 dolere
883 835 1005 920 1410,
1037 837 1135 908 libre
1156 835 1242 922 li.)
1285 833 1423 904 Vidimus
1450 838 1575 920 insuper
1603 846 1632 904 et
1663 841 1851 921 inspeximus
1876 838 2029 918 quendem

196 971 321 1041 certem,
342 964 455 1047 sigillo,
478 971 511 1027 ut
531 963 688 1039 ementur,
708 960 832 1026 liuberti
854 955 915 1024 Fitz
937 960 1061 1040 Rohert,
1084 961 1161 1026 uiuis
1182 960 1313 1024 oioiietis
1327 956 1478 1040 iontem,
1501 967 1570 1022 nere
1587 961 1679 1024 rubra
1693 963 1843 1040 impresso
1855 957 2029 1041 sig'lletam,

196 1087 226 1146 iu
248 1081 304 1146 heo
326 1082 429 1147 rerba.
474 1075 603 1148 “Sciant
622 1089 777 1161 presentes
800 1078 963 1158 uticenci,
995 1079 1077 1160 qnod
1105 1094 1163 1165 ego
1189 1079 1342 1142 llohertus
1368 1074 1431 1140 ure
1458 1076 1586 1155 liebert,
1620 1079 1695 1142 eicis
1724 1079 1853 1143 ciuitatis
1881 1077 2029 1155 houden,
2068 1049 2073 1058 ⁸

196 1200 276 1279 dccli,
299 1204 435 1266 concessi
456 1209 487 1264 et
507 1199 566 1265 hec
586 1201 718 1281 presenti
741 1207 825 1264 certe
843 1213 911 1264 mee
929 1199 1118 1277 confirmant,
1140 1195 1378 1274 lohanniNcell‚
1401 1199 1548 1278 magistro
1570 1191 1678 1260 domus
1699 1198 1795 1261 sancti
1810 1195 1928 1262 Thomu
1949 1211 2030 1259 mer-

195 1321 262 1384 tinis
284 1319 356 1384 dicti
377 1317 417 1383 de
438 1317 521 1384 licon
543 1315 692 1395 innuen,
714 1316 844 1382 Hmriuo
865 1313 1010 1400 Frowyh,
1033 1317 1249 1394 aldermanno,
1281 1315 1412 1380 iohanni
1434 1314 1547 1393 Gracc,
1570 1322 1728 1396 peauirer,
1760 1312 1878 1380 ciuibus
1898 1316 2030 1379 oiuitetis

194 1437 340 1520 predicte,
362 1437 531 1502 Williclmo
552 1437 698 1518 llirlreby‚
720 1437 843 1516 elerico,
865 1445 895 1501 et
915 1436 1045 1501 liioerelo
1067 1437 1162 1518 bury,
1185 1436 1354 1518 capelleno,
1377 1438 1477 1500 omnia
1501 1442 1597 1500 torres
1619 1443 1648 1498 et
1670 1443 1853 1512 tenementa,
1881 1433 2028 1510 redditus,-

195 1555 385 1622 rerorsluues
406 1566 436 1622 et
457 1558 593 1634 servicia,
617 1570 685 1620 enm
708 1558 847 1622 omnibus
868 1566 898 1621 ct
919 1557 1048 1640 singulis
1069 1559 1133 1620 suis
1154 1556 1365 1636 pertinenciis,
1399 1567 1457 1634 quc
1478 1554 1576 1620 haheo
1597 1557 1627 1618 in
1650 1552 1807 1633 parochiis
1828 1554 1914 1617 hnuto
1935 1553 2030 1616 litem

195 1677 233 1740 de
255 1676 569 1758 hidmmerycbircne,
592 1677 688 1740 sancti
710 1672 862 1754 tintooini,
890 1671 1046 1742 Omnium
1068 1671 1263 1740 Saturionem
1284 1672 1330 1739 ed
1349 1669 1476 1757 sertum,
1511 1676 1606 1738 sancti
1627 1669 1800 1751 Panerecii,
1828 1671 1914 1736 bento
1936 1668 2029 1736 llarie

195 1796 234 1859 de
250 1791 440 1876 Colchirche,
463 1793 886 1874 sanctiitartiuiPomers1)
907 1803 938 1858 et
959 1796 1055 1858 moeri
1070 1793 1227 1858 Leurencii
1248 1795 1280 1855 in
1300 1795 1389 1857 veteri
1403 1791 1571 1870 ludaismo,
1594 1795 1629 1870 in
1641 1795 1761 1856 ciuitate
1779 1791 1926 1868 hennon,
1949 1799 1978 1855 et
1999 1793 2030 1852 in

196 1913 342 1995 parochio
364 1916 461 1978 suncti
482 1911 624 1993 hntuipiri
646 1921 731 1978 exire
753 1912 979 1996 hidricltegate,
1002 1914 1033 1977 in
1056 1913 1201 1978 suburbio
1223 1910 1358 1976 eiusdem
1379 1910 1526 1990 ciuitatis,
1560 1912 1700 1977 habenda
1727 1921 1755 1974 et
1777 1911 1906 1975 tenendo
1927 1911 2029 1974 omnin

196 2032 343 2113 predicte,
365 2042 463 2096 terrae
484 2042 514 2098 et
536 2041 719 2111 tenemento,
742 2031 890 2115 redditus,
914 2034 1102 2097 reversiones
1124 2041 1154 2096 et
1174 2033 1315 2109 servicia,
1339 2046 1407 2095 cum
1430 2033 1571 2096 omnibus
1592 2039 1622 2096 et
1643 2031 1771 2114 nugulis
1793 2032 1857 2095 suls
1877 2031 2030 2110 pertinen-

197 2153 261 2228 ciis,
285 2159 317 2214 ut
338 2153 506 2231 predictum
530 2161 585 2231 cst,
608 2149 737 2233 prelatis
756 2149 887 2216 toheooi
902 2149 993 2228 licii,
1026 2149 1157 2214 henrico
1178 2150 1329 2230 Frowyh,
1359 2149 1489 2215 iohanni
1511 2150 1623 2229 Graue,
1657 2151 1824 2215 willielmo
1845 2148 1979 2230 liiuhuhy
2000 2155 2029 2211 et

195 2267 326 2334 llicurdo
347 2267 443 2352 bary,
466 2283 632 2351 commone
653 2271 814 2336 heredibus
836 2274 865 2333 et
887 2269 1048 2353 assignetis
1070 2273 1302 2351 imperpetuum,
1326 2269 1363 2334 dc
1385 2271 1565 2351 capitalibus
1587 2269 1716 2336 dominis
1730 2269 1888 2334 londornm
1905 2265 2027 2330 illorum

195 2406 251 2470 per
272 2391 399 2454 servicia
422 2389 493 2454 inde
513 2388 614 2455 debite
636 2399 665 2454 et
687 2390 725 2454 do
746 2393 811 2454 iere
833 2397 988 2454 coneneie.
1031 2387 1068 2453 lit
1096 2399 1155 2472 ego
1177 2405 1248 2452 vero
1276 2387 1429 2470 predictus
1449 2389 1599 2455 liebertus
1621 2389 1683 2452 netz
1705 2389 1818 2453 llobcrt
1845 2396 1874 2451 et
1902 2384 2028 2450 herodes

196 2513 266 2586 mei,
288 2511 388 2572 omnia
411 2509 596 2589 supradicte,
619 2515 714 2572 terras
736 2518 767 2572 et
786 2518 965 2586 tenemento,
989 2507 1139 2586 redditus,
1163 2509 1350 2573 reversiones
1372 2517 1403 2572 et
1422 2510 1567 2588 servicia,
1601 2523 1670 2573 cum
1691 2509 1831 2572 omnibus
1852 2513 1881 2570 et
1902 2505 2029 2588 siugulis

196 2627 261 2690 suis
281 2629 487 2707 pertinenciis,
509 2625 635 2705 prelotis
655 2623 787 2690 iohanni
807 2627 905 2706 lieell,
928 2623 1056 2692 Henhco
1079 2627 1224 2710 lrowylg
1246 2626 1376 2691 iohanni
1391 2625 1498 2707 Gracc,
1521 2627 1689 2693 willielmo
1704 2623 1836 2708 liirheby
1858 2623 2029 2690 otlilcerdo

197 2743 298 2827 bary,
321 2743 671 2824 eorumqueheredibne
692 2753 722 2809 et
743 2743 921 2828 assignatis,
944 2753 1049 2810 contre
1071 2757 1176 2810 omnes
1198 2754 1303 2828 gotes
1324 2749 1594 2812 warantizabimus
1614 2751 1846 2828 imperpetuum.
1890 2743 1924 2807 ln
1945 2744 2031 2806 cuius

195 2867 239 2927 rei
262 2866 464 2930 testimonium
487 2865 558 2928 huic
579 2867 711 2945 presenti
733 2871 816 2928 certe
836 2874 904 2928 mee
925 2861 1056 2946 sigillum
1078 2875 1179 2927 meum
1200 2866 1340 2943 apposui,
1362 2863 1501 2930 iohanne
1518 2865 1650 2946 Brokley
1672 2873 1743 2928 inne
1765 2867 1879 2929 maiore
1901 2864 2029 2926 oiritmie

196 2983 351 3062 hoedum,
381 2983 499 3048 lhoma
520 2982 649 3048 Chalton
671 2992 700 3048 et
720 2983 857 3048 iohanne
878 2981 985 3066 liyuge
1016 2991 1086 3047 tune
1107 2981 1330 3046 vicecomitibus
1351 2983 1486 3046 eiusdem
1507 2984 1647 3047 civitatis.
1690 2978 1755 3046 iliis
1775 2981 1916 3046 tostinus:
1950 2979 2029 3044 Wil-

195 3102 298 3166 lielmo
315 3100 464 3185 Gregory,
486 3102 658 3184 pelliparia,
679 3102 818 3167 iohanne
834 3097 975 3181 berham,
999 3117 1145 3180 macero,
1166 3102 1303 3166 iohanne
1320 3101 1447 3180 Brittios,
1469 3103 1629 3183 pennerio,
1651 3099 1756 3167 Seiero
1778 3097 1866 3179 hore,
1888 3113 2027 3183 grecum,

196 3219 336 3300 Phiiippo
357 3220 485 3297 Possell,
507 3221 631 3297 cissorc,
652 3221 791 3285 lohenne
812 3217 953 3301 Seuthem,
977 3220 1175 3301 letherseilcr,
1197 3221 1334 3287 loheune
1355 3219 1517 3305 Saymour,
1540 3237 1686 3297 mereero,
1709 3221 1838 3286 Riuerdo
1860 3219 2026 3296 waltham,

197 3336 334 3402 iohanne
355 3337 500 3414 blondum,
533 3339 647 3402 civibus
668 3337 804 3404 Medon.
826 3350 855 3406 et
877 3342 981 3405 multis
1002 3340 1083 3406 eliis.
1127 3341 1202 3405 oete
1224 3339 1376 3440 lundon,
1407 3342 1546 3406 visesimo
1568 3338 1617 3403 die
1638 3341 1749 3403 mensis
1771 3337 1916 3420 Augusti,
1946 3352 2027 3401 annu

199 3459 389 3542 regni'regis
409 3455 530 3521 henrici
552 3453 634 3522 Sexti
655 3465 726 3535 posi
747 3467 944 3539 conquestum
966 3459 1075 3542 hughe
1095 3459 1304 3524 duodecimo.”
1317 3461 1355 3538 ⁹)
1956 3425 1960 3436 ¹

349 3576 393 3639 hc
415 3576 511 3638 eciem
533 3573 661 3638 vidimus
683 3583 712 3639 et
733 3578 918 3657 inspeximus
941 3577 1093 3656 quandam
1115 3586 1230 3642 certam
1252 3569 1453 3656 iuuentutem,
1483 3579 1610 3662 sigiliis,
1640 3586 1672 3642 ut
1693 3577 1853 3653 asseritur,
1882 3575 2027 3638 iohannis

196 3695 297 3773 Neell,
332 3696 469 3778 magistri
496 3694 603 3759 domus
631 3697 727 3758 saucii
756 3694 871 3760 Thome
898 3697 1029 3760 martiris
1056 3696 1126 3761 dicti
1155 3697 1192 3761 de
1214 3698 1297 3761 Acon
1320 3697 1471 3774 lundon„
1504 3697 1624 3762 hienrici
1646 3696 1794 3776 Frowylr,
1827 3693 2026 3769 aldermanni,

195 3814 339 3879 iohannis
362 3812 470 3891 Gracc,
492 3822 644 3893 peauirer,
667 3815 778 3878 ciuium
802 3817 930 3879 ciuitatis
952 3815 1099 3894 london„
1122 3816 1281 3880 willielmi
1302 3817 1447 3900 llirlreby,
1470 3817 1583 3890 clerici,
1614 3825 1643 3879 ei
1664 3814 1786 3878 Ricardi
1808 3813 1904 3896 Dory,
1925 3814 2027 3893 capel-

198 3933 269 4008 lani,
291 3951 360 3998 cera
382 3935 476 3998 rubra
497 3935 654 4025 impressis
675 3934 852 4016 sigillatam,
874 3937 906 3996 in
928 3935 982 3998 hec
1004 3936 1107 4000 verite.
1152 3933 1282 4002 “Sciant
1303 3945 1458 4017 presentes
1480 3945 1510 4000 et
1537 3935 1647 4013 loturi,
1680 3935 1760 4014 quod
1790 3932 1854 4000 nod
1873 3934 2027 3999 lohannes

197 4050 302 4128 Neell,
325 4053 467 4133 magister
488 4051 596 4116 domus
618 4055 714 4118 sancti
735 4052 851 4118 Thome
873 4056 1007 4118 martiris
1029 4053 1100 4118 dicti
1122 4054 1159 4119 de
1181 4054 1264 4118 heom
1288 4055 1440 4131 ionium,
1464 4053 1609 4118 llemicus
1631 4054 1779 4136 Frowylr,
1802 4055 2025 4128 aldermannus,

197 4169 351 4234 lohannes
373 4166 480 4247 Grace,
502 4178 652 4250 peauirer,
676 4175 757 4237 ciues
779 4171 914 4238 eiusdem
936 4174 1076 4252 ciuitatis,
1098 4167 1282 4238 Willielmus
1305 4173 1453 4255 Kirheby‚
1477 4175 1615 4252 clericus,
1638 4183 1667 4238 et
1688 4172 1836 4238 Ricardus
1857 4172 1953 4253 Dory,
1975 4189 2026 4234 ca-

198 4288 348 4370 pellanus,
370 4287 548 4366 dimisimus,
572 4286 759 4356 leollarimus
780 4301 809 4355 et
830 4291 887 4357 hec
908 4296 1041 4375 presenti
1063 4301 1146 4358 certe
1169 4303 1272 4359 nostra
1295 4295 1447 4358 indenteta
1470 4291 1901 4375 conflrmanimnsltlergarete,
1924 4289 2027 4354 relicte

198 4408 321 4474 liohertl
342 4406 403 4470 Fitz
426 4406 550 4485 lloberi,
573 4405 628 4470 lilii
652 4406 774 4473 hohern
795 4410 856 4474 litu
879 4411 1001 4492 heberi,
1025 4429 1122 4493 nuper
1142 4417 1217 4478 ciuis
1239 4423 1269 4478 et
1289 4417 1411 4497 groecri
1429 4411 1583 4491 london,
1606 4414 1706 4476 omnia
1729 4410 1793 4490 ille,
1816 4418 1911 4474 terras
1933 4419 1962 4474 et
1983 4419 2026 4474 to-

198 4535 347 4604 nements,
369 4523 504 4590 redditus
526 4535 556 4588 ct
577 4527 702 4590 servicia
724 4543 792 4592 oum
814 4531 1017 4610 pertinenciis,
1040 4549 1098 4613 que
1120 4549 1176 4598 nos
1196 4533 1304 4616 prelati
1319 4531 1482 4612 lohannes,
1497 4531 1829 4610 llenricus,lohannes,
1842 4529 2026 4595 Willielmus

198 4657 227 4710 et
248 4647 396 4712 liicardus
418 4659 515 4724 nuper
536 4646 718 4709 coniunctim
741 4646 919 4726 habuimus,
953 4667 989 4714 ex
1012 4651 1110 4734 deno,
1148 4657 1342 4719 concessione
1363 4661 1394 4718 et
1414 4653 1646 4717 confirmacione
1674 4651 1802 4729 predicti
1828 4650 1951 4713 liuberti
1973 4649 2026 4712 hlii

198 4767 331 4844 liuberti,
354 4769 384 4829 iu
406 4764 551 4846 parochia
578 4760 734 4830 Omnium
756 4761 950 4832 Sanctorum
973 4765 1019 4834 ed
1037 4766 1148 4852 fenum
1170 4769 1206 4835 in
1219 4771 1365 4859 lioperto
1379 4770 1543 4855 nondun,
1566 4769 1704 4834 habenda
1726 4777 1756 4834 et
1775 4768 1903 4834 tenende
1925 4771 2026 4832 omnia

199 4886 344 4965 predicte,
366 4895 462 4950 terres
485 4892 514 4948 ct
537 4892 704 4948 tenemento
726 4900 794 4948 enm
816 4888 1023 4964 pertinenciis,
1056 4887 1175 4967 preleio
1194 4885 1362 4972 Margarete
1390 4901 1423 4954 et·
1441 4892 1602 4975 assignatis
1632 4894 1713 4968 suis,
1746 4887 1784 4953 ed
1813 4897 1906 4954 totam
1934 4891 2026 4951 vitem

199 5002 330 5068 eiusdem
344 5003 522 5086 margarete,
541 5005 656 5083 absque
667 5004 857 5084 impeticione
868 5009 974 5081 nostri,
993 5015 1166 5072 nostrorum
1183 5007 1327 5072 heredum
1344 5025 1397 5072 scu
1415 5011 1644 5094 assignatorum⁸
1656 5019 1840 5086 nostrorum,
1857 5010 1895 5074 de
1913 5012 2025 5090 nepita-

356 5253 381 5321 ¹)
408 5257 528 5311 Pomers.
563 5261 639 5313 Reor
666 5261 774 5326 otgers.
809 5261 897 5326 Vtrgl.
918 5263 985 5315 oben
1004 5261 1053 5318 llo.
1071 5261 1150 5318 CXV.
1168 5263 1237 5318 Note
1249 5259 1274 5315 t.
1430 5261 1457 5328 ²)
1485 5261 1559 5328 itte,
1577 5263 1683 5326 August
1699 5261 1741 5316 iit.
