<?xml version="1.0" encoding="UTF-8"?>
<!DOCTYPE html PUBLIC "-//W3C//DTD XHTML 1.0 Transitional//EN"
    "http://www.w3.org/TR/xhtml1/DTD/xhtml1-transitional.dtd">
<html xmlns="http://www.w3.org/1999/xhtml" xml:lang="en" lang="en">
 <head>
  <title>
</title>
<meta http-equiv="Content-Type" content="text/html;charset=utf-8" />
  <meta name='ocr-system' content='tesseract 3.04.00' />
  <meta name='ocr-capabilities' content='ocr_page ocr_carea ocr_par ocr_line ocrx_word'/>
</head>
<body>
  <div class='ocr_page' id='page_1' title='image "./urkundlichegesc00lappgoog_0398.png"; bbox 0 0 4866 6264; ppageno 0'>
   <div class='ocr_carea' id='block_1_1' title="bbox 1003 637 2050 738">
    <p class='ocr_par' dir='ltr' id='par_1_1' title="bbox 1003 637 2050 738">
     <span class='ocr_line' id='line_1_1' title="bbox 1003 637 2050 738; baseline 0.014 -25"><span class='ocrx_word' id='word_1_1' title='bbox 1003 637 1113 738; x_wconf 82' lang='lat' dir='ltr'><strong>tere,</strong></span> <span class='ocrx_word' id='word_1_2' title='bbox 1139 643 1202 715; x_wconf 86' lang='lat' dir='ltr'><strong>uu</strong></span> <span class='ocrx_word' id='word_1_3' title='bbox 1227 637 1290 714; x_wconf 57' lang='grc' dir='ltr'><strong>ε’</strong></span> <span class='ocrx_word' id='word_1_4' title='bbox 1961 637 2050 728; x_wconf 71' lang='lat' dir='ltr'><strong>dit⁴</strong></span> 
     </span>
    </p>
   </div>
   <div class='ocr_carea' id='block_1_2' title="bbox 221 923 2059 5425">
    <p class='ocr_par' dir='ltr' id='par_1_2' title="bbox 221 923 2050 1367">
     <span class='ocr_line' id='line_1_2' title="bbox 221 923 2047 1014; baseline 0.002 -20"><span class='ocrx_word' id='word_1_5' title='bbox 221 935 325 994; x_wconf 82' lang='lat' dir='ltr'><strong>nostre</strong></span> <span class='ocrx_word' id='word_1_6' title='bbox 346 943 451 993; x_wconf 80' lang='lat' dir='ltr'><strong>curem</strong></span> <span class='ocrx_word' id='word_1_7' title='bbox 471 927 644 992; x_wconf 78' lang='lat' dir='ltr'><strong>iurisiunis</strong></span> <span class='ocrx_word' id='word_1_8' title='bbox 663 925 777 993; x_wconf 66' lang='lat' dir='ltr'><strong>uosvis</strong></span> <span class='ocrx_word' id='word_1_9' title='bbox 804 927 886 1010; x_wconf 83' lang='lat' dir='ltr'><strong>npud</strong></span> <span class='ocrx_word' id='word_1_10' title='bbox 907 925 1209 994; x_wconf 85' lang='lat' dir='ltr'><strong>Westmouesterium</strong></span> <span class='ocrx_word' id='word_1_11' title='bbox 1238 925 1471 1011; x_wconf 85' lang='lat' dir='ltr'><strong>tnpticuuerunu</strong></span> <span class='ocrx_word' id='word_1_12' title='bbox 1499 924 1668 996; x_wconf 73' lang='lat' dir='ltr'><strong>iciunum</strong></span> <span class='ocrx_word' id='word_1_13' title='bbox 1691 929 1791 1014; x_wconf 82' lang='lat' dir='ltr'><strong>ecies</strong></span> <span class='ocrx_word' id='word_1_14' title='bbox 1812 937 1842 995; x_wconf 87' lang='lat' dir='ltr'><strong>et</strong></span> <span class='ocrx_word' id='word_1_15' title='bbox 1862 923 2047 1011; x_wconf 69' lang='lat' dir='ltr'><strong>letinhmm</strong></span> 
     </span>
     <span class='ocr_line' id='line_1_3' title="bbox 222 1046 2048 1134; baseline 0.002 -22"><span class='ocrx_word' id='word_1_16' title='bbox 222 1063 345 1114; x_wconf 78' lang='lat' dir='ltr'><strong>uxorem</strong></span> <span class='ocrx_word' id='word_1_17' title='bbox 367 1048 448 1124; x_wconf 77' lang='lat' dir='ltr'><strong>dus,</strong></span> <span class='ocrx_word' id='word_1_18' title='bbox 469 1046 508 1112; x_wconf 92' lang='lat' dir='ltr'><strong>de</strong></span> <span class='ocrx_word' id='word_1_19' title='bbox 529 1062 587 1112; x_wconf 85' lang='lat' dir='ltr'><strong>ruo</strong></span> <span class='ocrx_word' id='word_1_20' title='bbox 608 1051 765 1131; x_wconf 72' lang='lat' dir='ltr'><strong>menapis</strong></span> <span class='ocrx_word' id='word_1_21' title='bbox 786 1056 816 1112; x_wconf 88' lang='lat' dir='ltr'><strong>et</strong></span> <span class='ocrx_word' id='word_1_22' title='bbox 836 1057 944 1128; x_wconf 83' lang='lat' dir='ltr'><strong>quartu</strong></span> <span class='ocrx_word' id='word_1_23' title='bbox 966 1058 1054 1130; x_wconf 84' lang='lat' dir='ltr'><strong>purte</strong></span> <span class='ocrx_word' id='word_1_24' title='bbox 1074 1051 1160 1113; x_wconf 87' lang='lat' dir='ltr'><strong>ruins</strong></span> <span class='ocrx_word' id='word_1_25' title='bbox 1182 1062 1253 1114; x_wconf 85' lang='lat' dir='ltr'><strong>ecre</strong></span> <span class='ocrx_word' id='word_1_26' title='bbox 1272 1057 1353 1114; x_wconf 88' lang='lat' dir='ltr'><strong>terre</strong></span> <span class='ocrx_word' id='word_1_27' title='bbox 1376 1059 1443 1112; x_wconf 87' lang='lat' dir='ltr'><strong>eum</strong></span> <span class='ocrx_word' id='word_1_28' title='bbox 1465 1051 1653 1129; x_wconf 67' lang='lat' dir='ltr'><strong>pertinentiis</strong></span> <span class='ocrx_word' id='word_1_29' title='bbox 1675 1048 1705 1114; x_wconf 87' lang='lat' dir='ltr'><strong>iu</strong></span> <span class='ocrx_word' id='word_1_30' title='bbox 1720 1053 1734 1134; x_wconf 78' lang='lat' dir='ltr'><strong>q</strong></span> <span class='ocrx_word' id='word_1_31' title='bbox 1749 1049 1860 1115; x_wconf 82' lang='lat' dir='ltr'><strong>hcstcu</strong></span> <span class='ocrx_word' id='word_1_32' title='bbox 1881 1067 1937 1132; x_wconf 89' lang='lat' dir='ltr'><strong>per</strong></span> <span class='ocrx_word' id='word_1_33' title='bbox 1958 1053 2048 1116; x_wconf 86' lang='lat' dir='ltr'><strong>hrere</strong></span> 
     </span>
     <span class='ocr_line' id='line_1_4' title="bbox 223 1165 2050 1252; baseline 0.002 -21"><span class='ocrx_word' id='word_1_34' title='bbox 223 1175 360 1232; x_wconf 89' lang='lat' dir='ltr'><strong>nostrum</strong></span> <span class='ocrx_word' id='word_1_35' title='bbox 381 1165 422 1230; x_wconf 91' lang='lat' dir='ltr'><strong>de</strong></span> <span class='ocrx_word' id='word_1_36' title='bbox 444 1173 547 1247; x_wconf 86' lang='lat' dir='ltr'><strong>recto,</strong></span> <span class='ocrx_word' id='word_1_37' title='bbox 569 1171 640 1246; x_wconf 85' lang='lat' dir='ltr'><strong>quin</strong></span> <span class='ocrx_word' id='word_1_38' title='bbox 663 1168 801 1246; x_wconf 82' lang='lat' dir='ltr'><strong>capitulis</strong></span> <span class='ocrx_word' id='word_1_39' title='bbox 828 1167 968 1234; x_wconf 91' lang='lat' dir='ltr'><strong>domiuus</strong></span> <span class='ocrx_word' id='word_1_40' title='bbox 989 1167 1071 1233; x_wconf 86' lang='lat' dir='ltr'><strong>iecdi</strong></span> <span class='ocrx_word' id='word_1_41' title='bbox 1094 1167 1175 1232; x_wconf 88' lang='lat' dir='ltr'><strong>itlius</strong></span> <span class='ocrx_word' id='word_1_42' title='bbox 1198 1169 1286 1233; x_wconf 90' lang='lat' dir='ltr'><strong>uehis</strong></span> <span class='ocrx_word' id='word_1_43' title='bbox 1308 1168 1377 1234; x_wconf 85' lang='lat' dir='ltr'><strong>iude</strong></span> <span class='ocrx_word' id='word_1_44' title='bbox 1399 1170 1514 1233; x_wconf 79' lang='lat' dir='ltr'><strong>mmisit</strong></span> <span class='ocrx_word' id='word_1_45' title='bbox 1536 1171 1653 1234; x_wconf 78' lang='lat' dir='ltr'><strong>curium</strong></span> <span class='ocrx_word' id='word_1_46' title='bbox 1673 1181 1773 1235; x_wconf 75' lang='lat' dir='ltr'><strong>suem.</strong></span> <span class='ocrx_word' id='word_1_47' title='bbox 1815 1169 1905 1252; x_wconf 86' lang='lat' dir='ltr'><strong>Quod</strong></span> <span class='ocrx_word' id='word_1_48' title='bbox 1927 1171 2050 1250; x_wconf 89' lang='lat' dir='ltr'><strong>quidem</strong></span> 
     </span>
     <span class='ocr_line' id='line_1_5' title="bbox 221 1286 784 1367; baseline -0.004 -15"><span class='ocrx_word' id='word_1_49' title='bbox 221 1286 367 1367; x_wconf 81' lang='lat' dir='ltr'><strong>piscium</strong></span> <span class='ocrx_word' id='word_1_50' title='bbox 389 1291 525 1365; x_wconf 89' lang='lat' dir='ltr'><strong>sequitur</strong></span> <span class='ocrx_word' id='word_1_51' title='bbox 546 1289 576 1352; x_wconf 93' lang='lat' dir='ltr'><strong>iu</strong></span> <span class='ocrx_word' id='word_1_52' title='bbox 599 1287 654 1350; x_wconf 92' lang='lat' dir='ltr'><strong>hec</strong></span> <span class='ocrx_word' id='word_1_53' title='bbox 675 1286 784 1350; x_wconf 80' lang='lat' dir='ltr'><strong>uerhu:</strong></span> 
     </span>
    </p>

    <p class='ocr_par' dir='ltr' id='par_1_3' title="bbox 223 1404 2050 1709">
     <span class='ocr_line' id='line_1_6' title="bbox 347 1404 2050 1496; baseline 0.002 -26"><span class='ocrx_word' id='word_1_54' title='bbox 347 1485 350 1496; x_wconf 28' lang='lat'><strong>¹</strong></span> <span class='ocrx_word' id='word_1_55' title='bbox 373 1404 487 1470; x_wconf 82' lang='lat' dir='ltr'><strong>Plectra</strong></span> <span class='ocrx_word' id='word_1_56' title='bbox 509 1406 590 1488; x_wconf 77' lang='lat' dir='ltr'><strong>apud</strong></span> <span class='ocrx_word' id='word_1_57' title='bbox 601 1405 903 1472; x_wconf 80' lang='lat' dir='ltr'><strong>westncnestenum</strong></span> <span class='ocrx_word' id='word_1_58' title='bbox 925 1423 1028 1473; x_wconf 84' lang='lat' dir='ltr'><strong>eornm</strong></span> <span class='ocrx_word' id='word_1_59' title='bbox 1038 1407 1155 1475; x_wconf 86' lang='lat' dir='ltr'><strong>Thomu</strong></span> <span class='ocrx_word' id='word_1_60' title='bbox 1169 1405 1182 1494; x_wconf 69' lang='lat' dir='ltr'><strong>i</strong></span> <span class='ocrx_word' id='word_1_61' title='bbox 1198 1407 1304 1492; x_wconf 81' lang='lat' dir='ltr'><strong>hrpnu</strong></span> <span class='ocrx_word' id='word_1_62' title='bbox 1321 1416 1352 1474; x_wconf 90' lang='lat' dir='ltr'><strong>et</strong></span> <span class='ocrx_word' id='word_1_63' title='bbox 1371 1408 1886 1494; x_wconf 72' lang='lat' dir='ltr'><strong>sociis·suin‚.iuttieinriis·dcmitri</strong></span> <span class='ocrx_word' id='word_1_64' title='bbox 1909 1409 1990 1492; x_wconf 70' lang='lat' dir='ltr'><strong>regis</strong></span> <span class='ocrx_word' id='word_1_65' title='bbox 2012 1407 2050 1474; x_wconf 86' lang='lat' dir='ltr'><strong>de</strong></span> 
     </span>
     <span class='ocr_line' id='line_1_7' title="bbox 223 1507 2048 1611; baseline 0.001 -23"><span class='ocrx_word' id='word_1_66' title='bbox 223 1524 330 1604; x_wconf 83' lang='lat' dir='ltr'><strong>henco,</strong></span> <span class='ocrx_word' id='word_1_67' title='bbox 352 1525 390 1590; x_wconf 90' lang='lat' dir='ltr'><strong>dc</strong></span> <span class='ocrx_word' id='word_1_68' title='bbox 412 1529 539 1590; x_wconf 90' lang='lat' dir='ltr'><strong>termino</strong></span> <span class='ocrx_word' id='word_1_69' title='bbox 558 1525 682 1606; x_wconf 86' lang='lat' dir='ltr'><strong>Pnsche,</strong></span> <span class='ocrx_word' id='word_1_70' title='bbox 705 1543 784 1591; x_wconf 84' lang='lat' dir='ltr'><strong>nuuc</strong></span> <span class='ocrx_word' id='word_1_71' title='bbox 806 1529 891 1611; x_wconf 82' lang='lat' dir='ltr'><strong>regui</strong></span> <span class='ocrx_word' id='word_1_72' title='bbox 914 1507 1148 1610; x_wconf 77' lang='lat' dir='ltr'><strong>regislddwerdi</strong></span> <span class='ocrx_word' id='word_1_73' title='bbox 1171 1529 1271 1608; x_wconf 87' lang='lat' dir='ltr'><strong>qunrti</strong></span> <span class='ocrx_word' id='word_1_74' title='bbox 1292 1533 1362 1608; x_wconf 93' lang='lat' dir='ltr'><strong>post</strong></span> <span class='ocrx_word' id='word_1_75' title='bbox 1379 1535 1574 1610; x_wconf 90' lang='lat' dir='ltr'><strong>conquestum</strong></span> <span class='ocrx_word' id='word_1_76' title='bbox 1590 1529 1824 1608; x_wconf 89' lang='lat' dir='ltr'><strong>quintodecimo.</strong></span> <span class='ocrx_word' id='word_1_77' title='bbox 1868 1528 1923 1593; x_wconf 83' lang='lat' dir='ltr'><strong>lio.</strong></span> <span class='ocrx_word' id='word_1_78' title='bbox 1937 1526 2048 1599; x_wconf 87' lang='lat' dir='ltr'><strong>CCCll.</strong></span> 
     </span>
     <span class='ocr_line' id='line_1_8' title="bbox 223 1633 1699 1709; baseline 0.001 -1"><span class='ocrx_word' id='word_1_79' title='bbox 223 1641 361 1709; x_wconf 79' lang='lat' dir='ltr'><strong>lincoln.</strong></span> <span class='ocrx_word' id='word_1_80' title='bbox 932 1641 937 1652; x_wconf 82' lang='grc'><strong>’</strong></span> <span class='ocrx_word' id='word_1_81' title='bbox 1089 1633 1092 1640; x_wconf 66' lang='grc'>’</span> <span class='ocrx_word' id='word_1_82' title='bbox 1268 1639 1271 1650; x_wconf 89' lang='grc'>’</span> <span class='ocrx_word' id='word_1_83' title='bbox 1696 1640 1699 1647; x_wconf 78' lang='grc'><em>’</em></span> 
     </span>
    </p>

    <p class='ocr_par' dir='ltr' id='par_1_4' title="bbox 224 1761 2059 5425">
     <span class='ocr_line' id='line_1_9' title="bbox 277 1761 2050 1848; baseline 0.001 -20"><span class='ocrx_word' id='word_1_84' title='bbox 277 1779 280 1790; x_wconf 91' lang='grc'><em>·</em></span> <span class='ocrx_word' id='word_1_85' title='bbox 372 1763 529 1828; x_wconf 71' lang='lat' dir='ltr'><strong>iciunum</strong></span> <span class='ocrx_word' id='word_1_86' title='bbox 550 1762 640 1848; x_wconf 71' lang='lat' dir='ltr'><strong>Saye,</strong></span> <span class='ocrx_word' id='word_1_87' title='bbox 661 1764 759 1843; x_wconf 83' lang='lat' dir='ltr'><strong>miles,</strong></span> <span class='ocrx_word' id='word_1_88' title='bbox 782 1775 811 1830; x_wconf 90' lang='lat' dir='ltr'><strong>et</strong></span> <span class='ocrx_word' id='word_1_89' title='bbox 832 1765 979 1832; x_wconf 85' lang='lat' dir='ltr'><strong>llicurdus</strong></span> <span class='ocrx_word' id='word_1_90' title='bbox 1000 1765 1112 1830; x_wconf 82' lang='lat' dir='ltr'><strong>lculer</strong></span> <span class='ocrx_word' id='word_1_91' title='bbox 1132 1781 1188 1846; x_wconf 87' lang='lat' dir='ltr'><strong>per</strong></span> <span class='ocrx_word' id='word_1_92' title='bbox 1208 1765 1356 1830; x_wconf 76' lang='lat' dir='ltr'><strong>Tironem</strong></span> <span class='ocrx_word' id='word_1_93' title='bbox 1377 1761 1508 1848; x_wconf 66' lang='lat' dir='ltr'><strong>deputer,</strong></span> <span class='ocrx_word' id='word_1_94' title='bbox 1531 1765 1715 1831; x_wconf 76' lang='lat' dir='ltr'><strong>scemenum</strong></span> <span class='ocrx_word' id='word_1_95' title='bbox 1737 1783 1836 1846; x_wconf 88' lang='lat' dir='ltr'><strong>suum,</strong></span> <span class='ocrx_word' id='word_1_96' title='bbox 1858 1774 1962 1848; x_wconf 89' lang='lat' dir='ltr'><strong>petunt</strong></span> <span class='ocrx_word' id='word_1_97' title='bbox 1983 1784 2050 1830; x_wconf 89' lang='lat' dir='ltr'><strong>ver-</strong></span> 
     </span>
     <span class='ocr_line' id='line_1_10' title="bbox 225 1877 2053 1968; baseline 0.001 -22"><span class='ocrx_word' id='word_1_98' title='bbox 225 1897 277 1946; x_wconf 88' lang='lat' dir='ltr'><strong>sus</strong></span> <span class='ocrx_word' id='word_1_99' title='bbox 297 1880 463 1946; x_wconf 77' lang='lat' dir='ltr'><strong>iohannem</strong></span> <span class='ocrx_word' id='word_1_100' title='bbox 485 1883 583 1948; x_wconf 81' lang='lat' dir='ltr'><strong>helles</strong></span> <span class='ocrx_word' id='word_1_101' title='bbox 605 1892 635 1948; x_wconf 84' lang='lat' dir='ltr'><strong>et</strong></span> <span class='ocrx_word' id='word_1_102' title='bbox 657 1883 842 1964; x_wconf 80' lang='lat' dir='ltr'><strong>lluturinsru,</strong></span> <span class='ocrx_word' id='word_1_103' title='bbox 863 1897 988 1949; x_wconf 83' lang='lat' dir='ltr'><strong>ttorem</strong></span> <span class='ocrx_word' id='word_1_104' title='bbox 1009 1887 1085 1968; x_wconf 81' lang='lat' dir='ltr'><strong>eius,</strong></span> <span class='ocrx_word' id='word_1_105' title='bbox 1108 1897 1199 1950; x_wconf 84' lang='lat' dir='ltr'><strong>uuum</strong></span> <span class='ocrx_word' id='word_1_106' title='bbox 1220 1877 1409 1968; x_wconf 70' lang='lat' dir='ltr'><strong>mcsuugium</strong></span> <span class='ocrx_word' id='word_1_107' title='bbox 1431 1888 1462 1949; x_wconf 91' lang='lat' dir='ltr'><strong>et</strong></span> <span class='ocrx_word' id='word_1_108' title='bbox 1482 1895 1621 1965; x_wconf 77' lang='lat' dir='ltr'><strong>quartum</strong></span> <span class='ocrx_word' id='word_1_109' title='bbox 1643 1879 1759 1966; x_wconf 81' lang='lat' dir='ltr'><strong>purtem</strong></span> <span class='ocrx_word' id='word_1_110' title='bbox 1782 1889 1869 1950; x_wconf 83' lang='lat' dir='ltr'><strong>iuius</strong></span> <span class='ocrx_word' id='word_1_111' title='bbox 1885 1901 1955 1950; x_wconf 83' lang='lat' dir='ltr'><strong>uere</strong></span> <span class='ocrx_word' id='word_1_112' title='bbox 1969 1893 2053 1948; x_wconf 88' lang='lat' dir='ltr'><strong>terre</strong></span> 
     </span>
     <span class='ocr_line' id='line_1_11' title="bbox 225 2003 2054 2088; baseline 0.002 -22"><span class='ocrx_word' id='word_1_113' title='bbox 225 2017 296 2066; x_wconf 83' lang='lat' dir='ltr'><strong>cum</strong></span> <span class='ocrx_word' id='word_1_114' title='bbox 315 2004 507 2084; x_wconf 87' lang='lat' dir='ltr'><strong>pertinenciis</strong></span> <span class='ocrx_word' id='word_1_115' title='bbox 526 2007 559 2066; x_wconf 91' lang='lat' dir='ltr'><strong>tu</strong></span> <span class='ocrx_word' id='word_1_116' title='bbox 580 2003 692 2067; x_wconf 84' lang='lat' dir='ltr'><strong>Botion</strong></span> <span class='ocrx_word' id='word_1_117' title='bbox 714 2010 744 2066; x_wconf 87' lang='lat' dir='ltr'><strong>rt</strong></span> <span class='ocrx_word' id='word_1_118' title='bbox 766 2005 813 2068; x_wconf 92' lang='lat' dir='ltr'><strong>ius</strong></span> <span class='ocrx_word' id='word_1_119' title='bbox 834 2013 864 2068; x_wconf 90' lang='lat' dir='ltr'><strong>et</strong></span> <span class='ocrx_word' id='word_1_120' title='bbox 884 2003 1080 2070; x_wconf 71' lang='lat' dir='ltr'><strong>hereditatem</strong></span> <span class='ocrx_word' id='word_1_121' title='bbox 1101 2015 1188 2070; x_wconf 87' lang='lat' dir='ltr'><strong>sunm</strong></span> <span class='ocrx_word' id='word_1_122' title='bbox 1207 2017 1269 2084; x_wconf 86' lang='lat' dir='ltr'><strong>per</strong></span> <span class='ocrx_word' id='word_1_123' title='bbox 1288 2006 1377 2072; x_wconf 86' lang='lat' dir='ltr'><strong>hreue</strong></span> <span class='ocrx_word' id='word_1_124' title='bbox 1398 2005 1516 2070; x_wconf 81' lang='lat' dir='ltr'><strong>doretm</strong></span> <span class='ocrx_word' id='word_1_125' title='bbox 1534 2007 1616 2088; x_wconf 79' lang='lat' dir='ltr'><strong>rogis</strong></span> <span class='ocrx_word' id='word_1_126' title='bbox 1636 2003 1676 2072; x_wconf 87' lang='lat' dir='ltr'><strong>de</strong></span> <span class='ocrx_word' id='word_1_127' title='bbox 1695 2013 1795 2084; x_wconf 80' lang='lat' dir='ltr'><strong>recto,</strong></span> <span class='ocrx_word' id='word_1_128' title='bbox 1818 2007 1888 2086; x_wconf 85' lang='lat' dir='ltr'><strong>quie</strong></span> <span class='ocrx_word' id='word_1_129' title='bbox 1910 2005 2054 2084; x_wconf 71' lang='lat' dir='ltr'><strong>capiterio</strong></span> 
     </span>
     <span class='ocr_line' id='line_1_12' title="bbox 225 2117 2052 2208; baseline 0.001 -22"><span class='ocrx_word' id='word_1_130' title='bbox 225 2119 365 2186; x_wconf 76' lang='lat' dir='ltr'><strong>domium</strong></span> <span class='ocrx_word' id='word_1_131' title='bbox 386 2121 466 2186; x_wconf 84' lang='lat' dir='ltr'><strong>leudi</strong></span> <span class='ocrx_word' id='word_1_132' title='bbox 486 2119 570 2186; x_wconf 88' lang='lat' dir='ltr'><strong>illius</strong></span> <span class='ocrx_word' id='word_1_133' title='bbox 589 2125 706 2188; x_wconf 89' lang='lat' dir='ltr'><strong>remisit</strong></span> <span class='ocrx_word' id='word_1_134' title='bbox 724 2125 797 2188; x_wconf 87' lang='lat' dir='ltr'><strong>iude</strong></span> <span class='ocrx_word' id='word_1_135' title='bbox 817 2125 932 2188; x_wconf 86' lang='lat' dir='ltr'><strong>curium</strong></span> <span class='ocrx_word' id='word_1_136' title='bbox 954 2139 1040 2190; x_wconf 85' lang='lat' dir='ltr'><strong>suem</strong></span> <span class='ocrx_word' id='word_1_137' title='bbox 1063 2126 1127 2208; x_wconf 81' lang='lat' dir='ltr'><strong>regi</strong></span> <span class='ocrx_word' id='word_1_138' title='bbox 1150 2133 1206 2189; x_wconf 89' lang='lat' dir='ltr'><strong>etc</strong></span> <span class='ocrx_word' id='word_1_139' title='bbox 1250 2123 1289 2187; x_wconf 84' lang='lat' dir='ltr'><strong>ht</strong></span> <span class='ocrx_word' id='word_1_140' title='bbox 1308 2123 1525 2204; x_wconf 78' lang='lat' dir='ltr'><strong>rcoe&#39;dicuut,</strong></span> <span class='ocrx_word' id='word_1_141' title='bbox 1558 2125 1641 2206; x_wconf 92' lang='lat' dir='ltr'><strong>quod</strong></span> <span class='ocrx_word' id='word_1_142' title='bbox 1667 2127 1789 2208; x_wconf 79' lang='lat' dir='ltr'><strong>ipsimet</strong></span> <span class='ocrx_word' id='word_1_143' title='bbox 1815 2117 1927 2188; x_wconf 75' lang='lat' dir='ltr'><strong>inerint</strong></span> <span class='ocrx_word' id='word_1_144' title='bbox 1956 2123 2052 2188; x_wconf 87' lang='lat' dir='ltr'><strong>scisiti</strong></span> 
     </span>
     <span class='ocr_line' id='line_1_13' title="bbox 225 2235 2054 2324; baseline 0.001 -20"><span class='ocrx_word' id='word_1_145' title='bbox 225 2239 264 2304; x_wconf 89' lang='lat' dir='ltr'><strong>de</strong></span> <span class='ocrx_word' id='word_1_146' title='bbox 282 2243 438 2324; x_wconf 58' lang='lat' dir='ltr'><strong>manum</strong></span> <span class='ocrx_word' id='word_1_147' title='bbox 459 2249 489 2305; x_wconf 88' lang='lat' dir='ltr'><strong>ct</strong></span> <span class='ocrx_word' id='word_1_148' title='bbox 509 2251 619 2322; x_wconf 75' lang='lat' dir='ltr'><strong>queste</strong></span> <span class='ocrx_word' id='word_1_149' title='bbox 638 2251 726 2322; x_wconf 84' lang='lat' dir='ltr'><strong>purte</strong></span> <span class='ocrx_word' id='word_1_150' title='bbox 747 2241 890 2324; x_wconf 77' lang='lat' dir='ltr'><strong>predictis</strong></span> <span class='ocrx_word' id='word_1_151' title='bbox 912 2259 980 2307; x_wconf 91' lang='lat' dir='ltr'><strong>cnm</strong></span> <span class='ocrx_word' id='word_1_152' title='bbox 1003 2245 1198 2324; x_wconf 86' lang='lat' dir='ltr'><strong>pertinenciis</strong></span> <span class='ocrx_word' id='word_1_153' title='bbox 1218 2243 1249 2308; x_wconf 93' lang='lat' dir='ltr'><strong>iu</strong></span> <span class='ocrx_word' id='word_1_154' title='bbox 1271 2243 1420 2309; x_wconf 73' lang='lat' dir='ltr'><strong>domitrice</strong></span> <span class='ocrx_word' id='word_1_155' title='bbox 1442 2259 1498 2308; x_wconf 92' lang='lat' dir='ltr'><strong>suo</strong></span> <span class='ocrx_word' id='word_1_156' title='bbox 1521 2253 1554 2308; x_wconf 83' lang='lat' dir='ltr'><strong>rt</strong></span> <span class='ocrx_word' id='word_1_157' title='bbox 1576 2245 1614 2310; x_wconf 91' lang='lat' dir='ltr'><strong>de</strong></span> <span class='ocrx_word' id='word_1_158' title='bbox 1638 2235 1728 2311; x_wconf 81' lang='lat' dir='ltr'><strong>leode</strong></span> <span class='ocrx_word' id='word_1_159' title='bbox 1754 2249 1886 2323; x_wconf 84' lang='lat' dir='ltr'><strong>crime,</strong></span> <span class='ocrx_word' id='word_1_160' title='bbox 1914 2247 2054 2323; x_wconf 85' lang='lat' dir='ltr'><strong>tempore</strong></span> 
     </span>
     <span class='ocr_line' id='line_1_14' title="bbox 224 2359 2053 2446; baseline 0.001 -22"><span class='ocrx_word' id='word_1_161' title='bbox 224 2359 319 2440; x_wconf 80' lang='lat' dir='ltr'><strong>puers,</strong></span> <span class='ocrx_word' id='word_1_162' title='bbox 342 2369 480 2441; x_wconf 81' lang='lat' dir='ltr'><strong>tempore</strong></span> <span class='ocrx_word' id='word_1_163' title='bbox 500 2360 614 2426; x_wconf 83' lang='lat' dir='ltr'><strong>domiui</strong></span> <span class='ocrx_word' id='word_1_164' title='bbox 635 2363 717 2446; x_wconf 78' lang='lat' dir='ltr'><strong>regie</strong></span> <span class='ocrx_word' id='word_1_165' title='bbox 738 2375 831 2442; x_wconf 88' lang='lat' dir='ltr'><strong>nuuc,</strong></span> <span class='ocrx_word' id='word_1_166' title='bbox 864 2364 1013 2443; x_wconf 80' lang='lat' dir='ltr'><strong>capiendo</strong></span> <span class='ocrx_word' id='word_1_167' title='bbox 1034 2363 1104 2428; x_wconf 89' lang='lat' dir='ltr'><strong>iude</strong></span> <span class='ocrx_word' id='word_1_168' title='bbox 1125 2363 1333 2444; x_wconf 82' lang='lat' dir='ltr'><strong>cipleciouem</strong></span> <span class='ocrx_word' id='word_1_169' title='bbox 1355 2363 1398 2429; x_wconf 83' lang='lat' dir='ltr'><strong>ed</strong></span> <span class='ocrx_word' id='word_1_170' title='bbox 1416 2364 1576 2428; x_wconf 72' lang='lat' dir='ltr'><strong>intentiore</strong></span> <span class='ocrx_word' id='word_1_171' title='bbox 1599 2373 1656 2430; x_wconf 90' lang='lat' dir='ltr'><strong>etc.</strong></span> <span class='ocrx_word' id='word_1_172' title='bbox 1699 2365 1738 2429; x_wconf 83' lang='lat' dir='ltr'><strong>lit</strong></span> <span class='ocrx_word' id='word_1_173' title='bbox 1758 2363 1841 2444; x_wconf 88' lang='lat' dir='ltr'><strong>quod</strong></span> <span class='ocrx_word' id='word_1_174' title='bbox 1861 2363 1921 2426; x_wconf 82' lang='lat' dir='ltr'><strong>tile</strong></span> <span class='ocrx_word' id='word_1_175' title='bbox 1943 2365 1983 2426; x_wconf 87' lang='lat' dir='ltr'><strong>sit</strong></span> <span class='ocrx_word' id='word_1_176' title='bbox 2002 2363 2053 2426; x_wconf 80' lang='lat' dir='ltr'><strong>ihs</strong></span> 
     </span>
     <span class='ocr_line' id='line_1_15' title="bbox 226 2475 2052 2564; baseline 0 -20"><span class='ocrx_word' id='word_1_177' title='bbox 226 2491 327 2556; x_wconf 79' lang='lat' dir='ltr'><strong>mum,</strong></span> <span class='ocrx_word' id='word_1_178' title='bbox 348 2479 480 2542; x_wconf 70' lang='lat' dir='ltr'><strong>merum</strong></span> <span class='ocrx_word' id='word_1_179' title='bbox 500 2487 557 2544; x_wconf 87' lang='lat' dir='ltr'><strong>erc.</strong></span> <span class='ocrx_word' id='word_1_180' title='bbox 599 2478 636 2545; x_wconf 85' lang='lat' dir='ltr'><strong>llt</strong></span> <span class='ocrx_word' id='word_1_181' title='bbox 656 2481 784 2562; x_wconf 77' lang='lat' dir='ltr'><strong>predicti</strong></span> <span class='ocrx_word' id='word_1_182' title='bbox 804 2482 956 2547; x_wconf 78' lang='lat' dir='ltr'><strong>iohannes</strong></span> <span class='ocrx_word' id='word_1_183' title='bbox 977 2479 1077 2548; x_wconf 85' lang='lat' dir='ltr'><strong>Bolies</strong></span> <span class='ocrx_word' id='word_1_184' title='bbox 1092 2491 1128 2548; x_wconf 75' lang='lat' dir='ltr'><strong>&#39;ct</strong></span> <span class='ocrx_word' id='word_1_185' title='bbox 1150 2481 1291 2548; x_wconf 60' lang='lat' dir='ltr'><strong>menne</strong></span> <span class='ocrx_word' id='word_1_186' title='bbox 1313 2495 1369 2564; x_wconf 85' lang='lat' dir='ltr'><strong>peu</strong></span> <span class='ocrx_word' id='word_1_187' title='bbox 1389 2475 1553 2560; x_wconf 80' lang='lat' dir='ltr'><strong>liicnrdum</strong></span> <span class='ocrx_word' id='word_1_188' title='bbox 1574 2481 1650 2563; x_wconf 76' lang='lat' dir='ltr'><strong>doit,</strong></span> <span class='ocrx_word' id='word_1_189' title='bbox 1673 2491 1857 2548; x_wconf 85' lang='lat' dir='ltr'><strong>niterentum</strong></span> <span class='ocrx_word' id='word_1_190' title='bbox 1880 2485 1978 2560; x_wconf 85' lang='lat' dir='ltr'><strong>suuni,</strong></span> <span class='ocrx_word' id='word_1_191' title='bbox 2001 2494 2052 2544; x_wconf 71' lang='lat' dir='ltr'><strong>re</strong></span> 
     </span>
     <span class='ocr_line' id='line_1_16' title="bbox 226 2597 2055 2684; baseline 0.001 -22"><span class='ocrx_word' id='word_1_192' title='bbox 226 2604 335 2662; x_wconf 78' lang='lat' dir='ltr'><strong>uerunt</strong></span> <span class='ocrx_word' id='word_1_193' title='bbox 356 2607 386 2664; x_wconf 91' lang='lat' dir='ltr'><strong>et</strong></span> <span class='ocrx_word' id='word_1_194' title='bbox 407 2597 603 2663; x_wconf 77' lang='lat' dir='ltr'><strong>defendemur</strong></span> <span class='ocrx_word' id='word_1_195' title='bbox 624 2602 671 2665; x_wconf 85' lang='lat' dir='ltr'><strong>ius</strong></span> <span class='ocrx_word' id='word_1_196' title='bbox 693 2601 899 2680; x_wconf 88' lang='lat' dir='ltr'><strong>predictorum</strong></span> <span class='ocrx_word' id='word_1_197' title='bbox 919 2601 1067 2666; x_wconf 68' lang='lat' dir='ltr'><strong>Mennis</strong></span> <span class='ocrx_word' id='word_1_198' title='bbox 1088 2598 1418 2684; x_wconf 65' lang='lat' dir='ltr'><strong>&amp;preterierunt</strong></span> <span class='ocrx_word' id='word_1_199' title='bbox 1447 2605 1588 2667; x_wconf 84' lang='lat' dir='ltr'><strong>seisiuettt</strong></span> <span class='ocrx_word' id='word_1_200' title='bbox 1617 2609 1736 2682; x_wconf 76' lang='lat' dir='ltr'><strong>eornm,-</strong></span> <span class='ocrx_word' id='word_1_201' title='bbox 1770 2600 1892 2682; x_wconf 78' lang='lat' dir='ltr'><strong>queem</strong></span> <span class='ocrx_word' id='word_1_202' title='bbox 1913 2609 1973 2665; x_wconf 88' lang='lat' dir='ltr'><strong>cto.-</strong></span> <span class='ocrx_word' id='word_1_203' title='bbox 2014 2599 2055 2663; x_wconf 76' lang='lat' dir='ltr'><strong>ht</strong></span> 
     </span>
     <span class='ocr_line' id='line_1_17' title="bbox 225 2715 2054 2804; baseline 0.002 -26"><span class='ocrx_word' id='word_1_204' title='bbox 225 2721 321 2782; x_wconf 88' lang='lat' dir='ltr'><strong>toturn</strong></span> <span class='ocrx_word' id='word_1_205' title='bbox 342 2723 399 2780; x_wconf 88' lang='lat' dir='ltr'><strong>etc.</strong></span> <span class='ocrx_word' id='word_1_206' title='bbox 443 2715 480 2779; x_wconf 86' lang='lat' dir='ltr'><strong>iit</strong></span> <span class='ocrx_word' id='word_1_207' title='bbox 501 2718 646 2798; x_wconf 75' lang='lat' dir='ltr'><strong>quicquic</strong></span> <span class='ocrx_word' id='word_1_208' title='bbox 665 2728 724 2783; x_wconf 82' lang='lat' dir='ltr'><strong>etc</strong></span> <span class='ocrx_word' id='word_1_209' title='bbox 766 2719 803 2784; x_wconf 86' lang='lat' dir='ltr'><strong>iit</strong></span> <span class='ocrx_word' id='word_1_210' title='bbox 823 2722 954 2785; x_wconf 74' lang='lat' dir='ltr'><strong>maxime</strong></span> <span class='ocrx_word' id='word_1_211' title='bbox 975 2719 1013 2784; x_wconf 92' lang='lat' dir='ltr'><strong>de</strong></span> <span class='ocrx_word' id='word_1_212' title='bbox 1034 2717 1190 2804; x_wconf 75' lang='lat' dir='ltr'><strong>mesuagio</strong></span> <span class='ocrx_word' id='word_1_213' title='bbox 1211 2729 1244 2785; x_wconf 84' lang='lat' dir='ltr'><strong>et</strong></span> <span class='ocrx_word' id='word_1_214' title='bbox 1261 2729 1372 2801; x_wconf 77' lang='lat' dir='ltr'><strong>querito</strong></span> <span class='ocrx_word' id='word_1_215' title='bbox 1392 2724 1478 2803; x_wconf 85' lang='lat' dir='ltr'><strong>perte</strong></span> <span class='ocrx_word' id='word_1_216' title='bbox 1498 2722 1644 2802; x_wconf 82' lang='lat' dir='ltr'><strong>predictis</strong></span> <span class='ocrx_word' id='word_1_217' title='bbox 1663 2729 1737 2786; x_wconf 80' lang='lat' dir='ltr'><strong>etuti</strong></span> <span class='ocrx_word' id='word_1_218' title='bbox 1753 2721 1953 2801; x_wconf 83' lang='lat' dir='ltr'><strong>pertiuenetrc</strong></span> <span class='ocrx_word' id='word_1_219' title='bbox 1968 2719 2054 2782; x_wconf 80' lang='lat' dir='ltr'><strong>ride</strong></span> 
     </span>
     <span class='ocr_line' id='line_1_18' title="bbox 225 2831 2052 2922; baseline 0.001 -23"><span class='ocrx_word' id='word_1_220' title='bbox 225 2831 316 2899; x_wconf 81' lang='lat' dir='ltr'><strong>teudo</strong></span> <span class='ocrx_word' id='word_1_221' title='bbox 337 2843 367 2899; x_wconf 90' lang='lat' dir='ltr'><strong>et</strong></span> <span class='ocrx_word' id='word_1_222' title='bbox 387 2839 452 2900; x_wconf 83' lang='lat' dir='ltr'><strong>iore</strong></span> <span class='ocrx_word' id='word_1_223' title='bbox 472 2845 530 2900; x_wconf 86' lang='lat' dir='ltr'><strong>ere.</strong></span> <span class='ocrx_word' id='word_1_224' title='bbox 574 2836 610 2901; x_wconf 84' lang='lat' dir='ltr'><strong>itt</strong></span> <span class='ocrx_word' id='word_1_225' title='bbox 632 2847 739 2902; x_wconf 84' lang='lat' dir='ltr'><strong>uocum</strong></span> <span class='ocrx_word' id='word_1_226' title='bbox 759 2839 829 2904; x_wconf 88' lang='lat' dir='ltr'><strong>iude</strong></span> <span class='ocrx_word' id='word_1_227' title='bbox 850 2839 888 2903; x_wconf 90' lang='lat' dir='ltr'><strong>ud</strong></span> <span class='ocrx_word' id='word_1_228' title='bbox 910 2839 1100 2904; x_wconf 74' lang='lat' dir='ltr'><strong>wnmndiem</strong></span> <span class='ocrx_word' id='word_1_229' title='bbox 1121 2840 1299 2921; x_wconf 79' lang='lat' dir='ltr'><strong>Dionysium</strong></span> <span class='ocrx_word' id='word_1_230' title='bbox 1322 2837 1442 2922; x_wconf 70' lang='lat' dir='ltr'><strong>ouen,</strong></span> <span class='ocrx_word' id='word_1_231' title='bbox 1476 2843 1530 2922; x_wconf 81' lang='lat' dir='ltr'><strong>qni</strong></span> <span class='ocrx_word' id='word_1_232' title='bbox 1553 2852 1679 2920; x_wconf 82' lang='lat' dir='ltr'><strong>presens</strong></span> <span class='ocrx_word' id='word_1_233' title='bbox 1705 2845 1751 2903; x_wconf 78' lang='lat' dir='ltr'><strong>est</strong></span> <span class='ocrx_word' id='word_1_234' title='bbox 1776 2838 1825 2903; x_wconf 89' lang='lat' dir='ltr'><strong>hic</strong></span> <span class='ocrx_word' id='word_1_235' title='bbox 1850 2841 1885 2903; x_wconf 81' lang='lat' dir='ltr'><strong>ie</strong></span> <span class='ocrx_word' id='word_1_236' title='bbox 1908 2840 1995 2902; x_wconf 78' lang='lat' dir='ltr'><strong>curie</strong></span> <span class='ocrx_word' id='word_1_237' title='bbox 2020 2838 2052 2901; x_wconf 89' lang='lat' dir='ltr'><strong>iu</strong></span> 
     </span>
     <span class='ocr_line' id='line_1_19' title="bbox 226 2949 2051 3043; baseline 0.001 -23"><span class='ocrx_word' id='word_1_238' title='bbox 226 2955 354 3034; x_wconf 84' lang='lat' dir='ltr'><strong>propriu</strong></span> <span class='ocrx_word' id='word_1_239' title='bbox 370 2967 501 3036; x_wconf 80' lang='lat' dir='ltr'><strong>peteouu</strong></span> <span class='ocrx_word' id='word_1_240' title='bbox 520 2968 585 3021; x_wconf 84' lang='lat' dir='ltr'><strong>sus.</strong></span> <span class='ocrx_word' id='word_1_241' title='bbox 617 2949 655 3021; x_wconf 82' lang='lat' dir='ltr'><strong>m</strong></span> <span class='ocrx_word' id='word_1_242' title='bbox 669 2959 764 3040; x_wconf 76' lang='lat' dir='ltr'><strong>gruis</strong></span> <span class='ocrx_word' id='word_1_243' title='bbox 782 2959 971 3043; x_wconf 72' lang='lat' dir='ltr'><strong>mesuagium</strong></span> <span class='ocrx_word' id='word_1_244' title='bbox 988 2967 1019 3024; x_wconf 90' lang='lat' dir='ltr'><strong>et</strong></span> <span class='ocrx_word' id='word_1_245' title='bbox 1029 2967 1172 3040; x_wconf 81' lang='lat' dir='ltr'><strong>quertem</strong></span> <span class='ocrx_word' id='word_1_246' title='bbox 1186 2965 1303 3041; x_wconf 83' lang='lat' dir='ltr'><strong>purtem</strong></span> <span class='ocrx_word' id='word_1_247' title='bbox 1318 2959 1563 3040; x_wconf 77' lang='lat' dir='ltr'><strong>predictetecum</strong></span> <span class='ocrx_word' id='word_1_248' title='bbox 1575 2962 1767 3039; x_wconf 71' lang='lat' dir='ltr'><strong>pertinenciis</strong></span> <span class='ocrx_word' id='word_1_249' title='bbox 1779 2957 2051 3024; x_wconf 36' lang='lat' dir='ltr'><strong>usvwmeuttuertt.</strong></span> 
     </span>
     <span class='ocr_line' id='line_1_20' title="bbox 227 3070 2057 3161; baseline 0.003 -26"><span class='ocrx_word' id='word_1_250' title='bbox 227 3070 264 3136; x_wconf 78' lang='lat' dir='ltr'><strong>Bt</strong></span> <span class='ocrx_word' id='word_1_251' title='bbox 285 3087 379 3154; x_wconf 90' lang='lat' dir='ltr'><strong>super</strong></span> <span class='ocrx_word' id='word_1_252' title='bbox 400 3074 457 3140; x_wconf 88' lang='lat' dir='ltr'><strong>hoc</strong></span> <span class='ocrx_word' id='word_1_253' title='bbox 477 3075 632 3157; x_wconf 87' lang='lat' dir='ltr'><strong>prodictus</strong></span> <span class='ocrx_word' id='word_1_254' title='bbox 652 3077 808 3143; x_wconf 86' lang='lat' dir='ltr'><strong>loheuues</strong></span> <span class='ocrx_word' id='word_1_255' title='bbox 829 3075 909 3161; x_wconf 74' lang='lat' dir='ltr'><strong>Seps</strong></span> <span class='ocrx_word' id='word_1_256' title='bbox 930 3085 960 3142; x_wconf 87' lang='lat' dir='ltr'><strong>et</strong></span> <span class='ocrx_word' id='word_1_257' title='bbox 981 3075 1128 3143; x_wconf 67' lang='lat' dir='ltr'><strong>timarchus</strong></span> <span class='ocrx_word' id='word_1_258' title='bbox 1149 3083 1322 3160; x_wconf 83' lang='lat' dir='ltr'><strong>petinerettt</strong></span> <span class='ocrx_word' id='word_1_259' title='bbox 1349 3078 1452 3143; x_wconf 73' lang='lat' dir='ltr'><strong>sethri</strong></span> <span class='ocrx_word' id='word_1_260' title='bbox 1480 3079 1580 3159; x_wconf 81' lang='lat' dir='ltr'><strong>ipsum</strong></span> <span class='ocrx_word' id='word_1_261' title='bbox 1600 3074 1793 3160; x_wconf 84' lang='lat' dir='ltr'><strong>liiettyeittm,</strong></span> <span class='ocrx_word' id='word_1_262' title='bbox 1826 3074 1979 3140; x_wconf 82' lang='lat' dir='ltr'><strong>tenentem</strong></span> <span class='ocrx_word' id='word_1_263' title='bbox 1996 3082 2057 3158; x_wconf 79' lang='lat' dir='ltr'><strong>per</strong></span> 
     </span>
     <span class='ocr_line' id='line_1_21' title="bbox 226 3189 2056 3281; baseline 0.002 -25"><span class='ocrx_word' id='word_1_264' title='bbox 226 3191 414 3258; x_wconf 77' lang='lat' dir='ltr'><strong>wunnerus</strong></span> <span class='ocrx_word' id='word_1_265' title='bbox 437 3206 523 3258; x_wconf 85' lang='lat' dir='ltr'><strong>sunm</strong></span> <span class='ocrx_word' id='word_1_266' title='bbox 545 3201 733 3280; x_wconf 73' lang='lat' dir='ltr'><strong>mesuepmct</strong></span> <span class='ocrx_word' id='word_1_267' title='bbox 755 3207 784 3262; x_wconf 92' lang='lat' dir='ltr'><strong>et</strong></span> <span class='ocrx_word' id='word_1_268' title='bbox 805 3205 944 3278; x_wconf 84' lang='lat' dir='ltr'><strong>qunrtum</strong></span> <span class='ocrx_word' id='word_1_269' title='bbox 965 3205 1085 3281; x_wconf 79' lang='lat' dir='ltr'><strong>partem</strong></span> <span class='ocrx_word' id='word_1_270' title='bbox 1104 3198 1269 3280; x_wconf 70' lang='lat' dir='ltr'><strong>promtum</strong></span> <span class='ocrx_word' id='word_1_271' title='bbox 1292 3207 1364 3262; x_wconf 84' lang='lat' dir='ltr'><strong>cem·</strong></span> <span class='ocrx_word' id='word_1_272' title='bbox 1382 3198 1574 3277; x_wconf 79' lang='lat' dir='ltr'><strong>perdnmciie</strong></span> <span class='ocrx_word' id='word_1_273' title='bbox 1596 3198 1626 3259; x_wconf 91' lang='lat' dir='ltr'><strong>iu</strong></span> <span class='ocrx_word' id='word_1_274' title='bbox 1649 3189 1747 3260; x_wconf 87' lang='lat' dir='ltr'><strong>lormu</strong></span> <span class='ocrx_word' id='word_1_275' title='bbox 1768 3193 1904 3278; x_wconf 84' lang='lat' dir='ltr'><strong>predicte</strong></span> <span class='ocrx_word' id='word_1_276' title='bbox 1927 3201 1983 3258; x_wconf 84' lang='lat' dir='ltr'><strong>etc.</strong></span> <span class='ocrx_word' id='word_1_277' title='bbox 2015 3193 2056 3260; x_wconf 83' lang='lat' dir='ltr'><strong>itt</strong></span> 
     </span>
     <span class='ocr_line' id='line_1_22' title="bbox 229 3304 2052 3401; baseline 0.001 -27"><span class='ocrx_word' id='word_1_278' title='bbox 229 3310 305 3375; x_wconf 87' lang='lat' dir='ltr'><strong>rude</strong></span> <span class='ocrx_word' id='word_1_279' title='bbox 325 3312 439 3390; x_wconf 91' lang='lat' dir='ltr'><strong>dicunt,</strong></span> <span class='ocrx_word' id='word_1_280' title='bbox 462 3313 545 3392; x_wconf 87' lang='lat' dir='ltr'><strong>qruod</strong></span> <span class='ocrx_word' id='word_1_281' title='bbox 565 3316 686 3394; x_wconf 80' lang='lat' dir='ltr'><strong>ipsimet</strong></span> <span class='ocrx_word' id='word_1_282' title='bbox 706 3313 816 3380; x_wconf 86' lang='lat' dir='ltr'><strong>inerim</strong></span> <span class='ocrx_word' id='word_1_283' title='bbox 839 3319 933 3382; x_wconf 88' lang='lat' dir='ltr'><strong>seisirt</strong></span> <span class='ocrx_word' id='word_1_284' title='bbox 954 3318 994 3382; x_wconf 88' lang='lat' dir='ltr'><strong>de</strong></span> <span class='ocrx_word' id='word_1_285' title='bbox 1014 3323 1171 3401; x_wconf 75' lang='lat' dir='ltr'><strong>mesuagio</strong></span> <span class='ocrx_word' id='word_1_286' title='bbox 1192 3323 1222 3381; x_wconf 87' lang='lat' dir='ltr'><strong>et</strong></span> <span class='ocrx_word' id='word_1_287' title='bbox 1243 3325 1350 3398; x_wconf 77' lang='lat' dir='ltr'><strong>quartu</strong></span> <span class='ocrx_word' id='word_1_288' title='bbox 1372 3323 1459 3398; x_wconf 84' lang='lat' dir='ltr'><strong>purte</strong></span> <span class='ocrx_word' id='word_1_289' title='bbox 1479 3305 1625 3398; x_wconf 84' lang='lat' dir='ltr'><strong>predictis</strong></span> <span class='ocrx_word' id='word_1_290' title='bbox 1646 3328 1715 3379; x_wconf 91' lang='lat' dir='ltr'><strong>cum</strong></span> <span class='ocrx_word' id='word_1_291' title='bbox 1737 3304 1931 3396; x_wconf 76' lang='lat' dir='ltr'><strong>percheuoii&#39;s</strong></span> <span class='ocrx_word' id='word_1_292' title='bbox 1952 3317 1983 3376; x_wconf 89' lang='lat' dir='ltr'><strong>ie</strong></span> <span class='ocrx_word' id='word_1_293' title='bbox 1996 3311 2052 3376; x_wconf 92' lang='lat' dir='ltr'><strong>do·</strong></span> 
     </span>
     <span class='ocr_line' id='line_1_23' title="bbox 228 3430 2056 3519; baseline 0.001 -27"><span class='ocrx_word' id='word_1_294' title='bbox 228 3430 340 3494; x_wconf 90' lang='lat' dir='ltr'><strong>miuicc</strong></span> <span class='ocrx_word' id='word_1_295' title='bbox 360 3446 417 3496; x_wconf 90' lang='lat' dir='ltr'><strong>suo</strong></span> <span class='ocrx_word' id='word_1_296' title='bbox 439 3441 469 3495; x_wconf 89' lang='lat' dir='ltr'><strong>rt</strong></span> <span class='ocrx_word' id='word_1_297' title='bbox 491 3433 529 3496; x_wconf 90' lang='lat' dir='ltr'><strong>de</strong></span> <span class='ocrx_word' id='word_1_298' title='bbox 549 3432 639 3498; x_wconf 88' lang='lat' dir='ltr'><strong>tendo</strong></span> <span class='ocrx_word' id='word_1_299' title='bbox 660 3437 786 3512; x_wconf 77' lang='lat' dir='ltr'><strong>etium,</strong></span> <span class='ocrx_word' id='word_1_300' title='bbox 811 3443 946 3518; x_wconf 84' lang='lat' dir='ltr'><strong>tempore</strong></span> <span class='ocrx_word' id='word_1_301' title='bbox 967 3439 1068 3518; x_wconf 85' lang='lat' dir='ltr'><strong>pects,</strong></span> <span class='ocrx_word' id='word_1_302' title='bbox 1095 3441 1230 3517; x_wconf 88' lang='lat' dir='ltr'><strong>tempere</strong></span> <span class='ocrx_word' id='word_1_303' title='bbox 1252 3437 1366 3500; x_wconf 89' lang='lat' dir='ltr'><strong>demini</strong></span> <span class='ocrx_word' id='word_1_304' title='bbox 1387 3436 1474 3519; x_wconf 75' lang='lat' dir='ltr'><strong>regis·</strong></span> <span class='ocrx_word' id='word_1_305' title='bbox 1492 3442 1571 3498; x_wconf 79' lang='lat' dir='ltr'><strong>nunc</strong></span> <span class='ocrx_word' id='word_1_306' title='bbox 1592 3433 1740 3514; x_wconf 80' lang='lat' dir='ltr'><strong>cupiendo</strong></span> <span class='ocrx_word' id='word_1_307' title='bbox 1761 3432 1829 3496; x_wconf 89' lang='lat' dir='ltr'><strong>iude</strong></span> <span class='ocrx_word' id='word_1_308' title='bbox 1851 3432 2056 3513; x_wconf 78' lang='lat' dir='ltr'><strong>espteticune</strong></span> 
     </span>
     <span class='ocr_line' id='line_1_24' title="bbox 228 3546 2054 3637; baseline 0.001 -25"><span class='ocrx_word' id='word_1_309' title='bbox 228 3550 268 3613; x_wconf 89' lang='lat' dir='ltr'><strong>ed</strong></span> <span class='ocrx_word' id='word_1_310' title='bbox 290 3548 455 3616; x_wconf 78' lang='lat' dir='ltr'><strong>intencione</strong></span> <span class='ocrx_word' id='word_1_311' title='bbox 478 3559 535 3615; x_wconf 85' lang='lat' dir='ltr'><strong>etc.</strong></span> <span class='ocrx_word' id='word_1_312' title='bbox 579 3551 616 3616; x_wconf 83' lang='lat' dir='ltr'><strong>lit</strong></span> <span class='ocrx_word' id='word_1_313' title='bbox 637 3551 718 3632; x_wconf 92' lang='lat' dir='ltr'><strong>quod</strong></span> <span class='ocrx_word' id='word_1_314' title='bbox 740 3555 801 3619; x_wconf 88' lang='lat' dir='ltr'><strong>rete</strong></span> <span class='ocrx_word' id='word_1_315' title='bbox 822 3557 871 3633; x_wconf 88' lang='lat' dir='ltr'><strong>sit,</strong></span> <span class='ocrx_word' id='word_1_316' title='bbox 894 3559 941 3620; x_wconf 89' lang='lat' dir='ltr'><strong>ius</strong></span> <span class='ocrx_word' id='word_1_317' title='bbox 964 3569 1057 3620; x_wconf 83' lang='lat' dir='ltr'><strong>suum</strong></span> <span class='ocrx_word' id='word_1_318' title='bbox 1073 3551 1203 3620; x_wconf 84' lang='lat' dir='ltr'><strong>edentut</strong></span> <span class='ocrx_word' id='word_1_319' title='bbox 1223 3560 1281 3620; x_wconf 83' lang='lat' dir='ltr'><strong>ete.</strong></span> <span class='ocrx_word' id='word_1_320' title='bbox 1324 3555 1363 3618; x_wconf 73' lang='lat' dir='ltr'><strong>hit·</strong></span> <span class='ocrx_word' id='word_1_321' title='bbox 1381 3555 1534 3637; x_wconf 65' lang='lat' dir='ltr'><strong>medhtns</strong></span> <span class='ocrx_word' id='word_1_322' title='bbox 1551 3553 1713 3636; x_wconf 77' lang='lat' dir='ltr'><strong>Dionysius</strong></span> <span class='ocrx_word' id='word_1_323' title='bbox 1734 3560 1764 3615; x_wconf 84' lang='lat' dir='ltr'><strong>rt</strong></span> <span class='ocrx_word' id='word_1_324' title='bbox 1785 3559 1894 3615; x_wconf 80' lang='lat' dir='ltr'><strong>uncus</strong></span> <span class='ocrx_word' id='word_1_325' title='bbox 1908 3559 1962 3632; x_wconf 86' lang='lat' dir='ltr'><strong>per</strong></span> <span class='ocrx_word' id='word_1_326' title='bbox 1977 3546 2054 3613; x_wconf 82' lang='lat' dir='ltr'><strong>We·</strong></span> 
     </span>
     <span class='ocr_line' id='line_1_25' title="bbox 226 3661 2056 3758; baseline -0.001 -27"><span class='ocrx_word' id='word_1_327' title='bbox 226 3668 365 3734; x_wconf 73' lang='lat' dir='ltr'><strong>caedem</strong></span> <span class='ocrx_word' id='word_1_328' title='bbox 386 3685 485 3749; x_wconf 79' lang='lat' dir='ltr'><strong>mam,</strong></span> <span class='ocrx_word' id='word_1_329' title='bbox 507 3671 639 3736; x_wconf 72' lang='lat' dir='ltr'><strong>defendit</strong></span> <span class='ocrx_word' id='word_1_330' title='bbox 661 3677 708 3736; x_wconf 92' lang='lat' dir='ltr'><strong>tus</strong></span> <span class='ocrx_word' id='word_1_331' title='bbox 729 3671 934 3754; x_wconf 78' lang='lat' dir='ltr'><strong>predictorum</strong></span> <span class='ocrx_word' id='word_1_332' title='bbox 954 3676 1101 3741; x_wconf 84' lang='lat' dir='ltr'><strong>ichnuuis</strong></span> <span class='ocrx_word' id='word_1_333' title='bbox 1121 3675 1205 3758; x_wconf 73' lang='lat' dir='ltr'><strong>sepe</strong></span> <span class='ocrx_word' id='word_1_334' title='bbox 1224 3681 1254 3739; x_wconf 93' lang='lat' dir='ltr'><strong>et</strong></span> <span class='ocrx_word' id='word_1_335' title='bbox 1274 3661 1445 3738; x_wconf 74' lang='lat' dir='ltr'><strong>hinnuli-&#39;et</strong></span> <span class='ocrx_word' id='word_1_336' title='bbox 1467 3675 1609 3738; x_wconf 86' lang='lat' dir='ltr'><strong>seisiuum</strong></span> <span class='ocrx_word' id='word_1_337' title='bbox 1638 3679 1743 3737; x_wconf 74' lang='lat' dir='ltr'><strong>ectum</strong></span> <span class='ocrx_word' id='word_1_338' title='bbox 1771 3671 1894 3751; x_wconf 88' lang='lat' dir='ltr'><strong>qoindc</strong></span> <span class='ocrx_word' id='word_1_339' title='bbox 1914 3668 1973 3733; x_wconf 75' lang='lat' dir='ltr'><strong>etc.</strong></span> <span class='ocrx_word' id='word_1_340' title='bbox 2015 3665 2056 3730; x_wconf 82' lang='lat' dir='ltr'><strong>hc·</strong></span> 
     </span>
     <span class='ocr_line' id='line_1_26' title="bbox 225 3785 2059 3875; baseline -0.001 -23"><span class='ocrx_word' id='word_1_341' title='bbox 225 3797 321 3852; x_wconf 91' lang='lat' dir='ltr'><strong>totum</strong></span> <span class='ocrx_word' id='word_1_342' title='bbox 343 3797 398 3854; x_wconf 89' lang='lat' dir='ltr'><strong>etc.</strong></span> <span class='ocrx_word' id='word_1_343' title='bbox 441 3790 478 3853; x_wconf 85' lang='lat' dir='ltr'><strong>iit</strong></span> <span class='ocrx_word' id='word_1_344' title='bbox 499 3792 642 3871; x_wconf 87' lang='lat' dir='ltr'><strong>quicquid</strong></span> <span class='ocrx_word' id='word_1_345' title='bbox 664 3799 721 3856; x_wconf 89' lang='lat' dir='ltr'><strong>etc.</strong></span> <span class='ocrx_word' id='word_1_346' title='bbox 766 3792 809 3858; x_wconf 75' lang='lat' dir='ltr'><strong>m‘</strong></span> <span class='ocrx_word' id='word_1_347' title='bbox 822 3795 954 3858; x_wconf 80' lang='lat' dir='ltr'><strong>murice</strong></span> <span class='ocrx_word' id='word_1_348' title='bbox 974 3795 1012 3859; x_wconf 86' lang='lat' dir='ltr'><strong>de</strong></span> <span class='ocrx_word' id='word_1_349' title='bbox 1033 3793 1176 3875; x_wconf 87' lang='lat' dir='ltr'><strong>predictis</strong></span> <span class='ocrx_word' id='word_1_350' title='bbox 1198 3801 1227 3856; x_wconf 86' lang='lat' dir='ltr'><strong>et</strong></span> <span class='ocrx_word' id='word_1_351' title='bbox 1248 3803 1356 3875; x_wconf 83' lang='lat' dir='ltr'><strong>queris</strong></span> <span class='ocrx_word' id='word_1_352' title='bbox 1377 3799 1465 3873; x_wconf 82' lang='lat' dir='ltr'><strong>pnite</strong></span> <span class='ocrx_word' id='word_1_353' title='bbox 1489 3793 1634 3873; x_wconf 65' lang='lat' dir='ltr'><strong>premetis</strong></span> <span class='ocrx_word' id='word_1_354' title='bbox 1654 3807 1723 3856; x_wconf 93' lang='lat' dir='ltr'><strong>cum</strong></span> <span class='ocrx_word' id='word_1_355' title='bbox 1749 3791 1942 3871; x_wconf 82' lang='lat' dir='ltr'><strong>pertinenciis</strong></span> <span class='ocrx_word' id='word_1_356' title='bbox 1964 3795 1994 3851; x_wconf 82' lang='lat' dir='ltr'><strong>rt</strong></span> <span class='ocrx_word' id='word_1_357' title='bbox 2014 3785 2059 3850; x_wconf 73' lang='lat' dir='ltr'><strong>de·</strong></span> 
     </span>
     <span class='ocr_line' id='line_1_27' title="bbox 228 3905 2052 4008; baseline 0.001 -40"><span class='ocrx_word' id='word_1_358' title='bbox 228 3905 317 3971; x_wconf 85' lang='lat' dir='ltr'><strong>leudo</strong></span> <span class='ocrx_word' id='word_1_359' title='bbox 339 3918 369 3973; x_wconf 92' lang='lat' dir='ltr'><strong>et</strong></span> <span class='ocrx_word' id='word_1_360' title='bbox 390 3911 456 3974; x_wconf 91' lang='lat' dir='ltr'><strong>iure</strong></span> <span class='ocrx_word' id='word_1_361' title='bbox 478 3918 535 3975; x_wconf 87' lang='lat' dir='ltr'><strong>etc.</strong></span> <span class='ocrx_word' id='word_1_362' title='bbox 578 3911 615 3975; x_wconf 87' lang='lat' dir='ltr'><strong>Et</strong></span> <span class='ocrx_word' id='word_1_363' title='bbox 636 3914 722 3991; x_wconf 92' lang='lat' dir='ltr'><strong>pouit</strong></span> <span class='ocrx_word' id='word_1_364' title='bbox 748 3927 782 3976; x_wconf 91' lang='lat' dir='ltr'><strong>se</strong></span> <span class='ocrx_word' id='word_1_365' title='bbox 809 3914 878 3979; x_wconf 91' lang='lat' dir='ltr'><strong>inde</strong></span> <span class='ocrx_word' id='word_1_366' title='bbox 906 3917 935 3976; x_wconf 94' lang='lat' dir='ltr'><strong>iu</strong></span> <span class='ocrx_word' id='word_1_367' title='bbox 964 3931 1105 3997; x_wconf 72' lang='lat' dir='ltr'><strong>maguum</strong></span> <span class='ocrx_word' id='word_1_368' title='bbox 1127 3915 1266 3978; x_wconf 78' lang='lat' dir='ltr'><strong>assisium</strong></span> <span class='ocrx_word' id='word_1_369' title='bbox 1289 3912 1404 3978; x_wconf 89' lang='lat' dir='ltr'><strong>domiui</strong></span> <span class='ocrx_word' id='word_1_370' title='bbox 1427 3913 1518 3996; x_wconf 80' lang='lat' dir='ltr'><strong>regis.</strong></span> <span class='ocrx_word' id='word_1_371' title='bbox 1562 3912 1598 3976; x_wconf 85' lang='lat' dir='ltr'><strong>lit</strong></span> <span class='ocrx_word' id='word_1_372' title='bbox 1619 3913 1694 3993; x_wconf 92' lang='lat' dir='ltr'><strong>petit</strong></span> <span class='ocrx_word' id='word_1_373' title='bbox 1716 3911 1955 3993; x_wconf 82' lang='lat' dir='ltr'><strong>recoguiciouem</strong></span> <span class='ocrx_word' id='word_1_374' title='bbox 1976 3905 2052 4008; x_wconf 87' lang='lat' dir='ltr'><strong>fleri,</strong></span> 
     </span>
     <span class='ocr_line' id='line_1_28' title="bbox 229 4027 2056 4116; baseline 0.001 -25"><span class='ocrx_word' id='word_1_375' title='bbox 229 4030 326 4105; x_wconf 74' lang='lat' dir='ltr'><strong>uuum</strong></span> <span class='ocrx_word' id='word_1_376' title='bbox 347 4027 421 4108; x_wconf 80' lang='lat' dir='ltr'><strong>ipss:</strong></span> <span class='ocrx_word' id='word_1_377' title='bbox 435 4029 532 4108; x_wconf 74' lang='lat' dir='ltr'><strong>mrim</strong></span> <span class='ocrx_word' id='word_1_378' title='bbox 554 4029 853 4096; x_wconf 72' lang='lat' dir='ltr'><strong>hahent-tenendum·</strong></span> <span class='ocrx_word' id='word_1_379' title='bbox 868 4035 1068 4116; x_wconf 52' lang='lat' dir='ltr'><strong>sumundum</strong></span> <span class='ocrx_word' id='word_1_380' title='bbox 1086 4041 1119 4097; x_wconf 82' lang='lat' dir='ltr'><strong>et</strong></span> <span class='ocrx_word' id='word_1_381' title='bbox 1135 4041 1281 4114; x_wconf 66' lang='lat' dir='ltr'><strong>mechm-</strong></span> <span class='ocrx_word' id='word_1_382' title='bbox 1303 4041 1425 4116; x_wconf 77' lang='lat' dir='ltr'><strong>pertun</strong></span> <span class='ocrx_word' id='word_1_383' title='bbox 1439 4031 1614 4115; x_wconf 72' lang='lat' dir='ltr'><strong>ppedittnm</strong></span> <span class='ocrx_word' id='word_1_384' title='bbox 1644 4045 1717 4112; x_wconf 77' lang='lat' dir='ltr'><strong>qum·</strong></span> <span class='ocrx_word' id='word_1_385' title='bbox 1733 4028 1929 4112; x_wconf 31' lang='lat' dir='ltr'><strong>pertinenciis·</strong></span> <span class='ocrx_word' id='word_1_386' title='bbox 1945 4027 2008 4089; x_wconf 86' lang='lat' dir='ltr'><strong>sibi</strong></span> <span class='ocrx_word' id='word_1_387' title='bbox 2024 4031 2056 4093; x_wconf 91' lang='lat' dir='ltr'><strong>et</strong></span> 
     </span>
     <span class='ocr_line' id='line_1_29' title="bbox 229 4142 2053 4238; baseline 0.001 -33"><span class='ocrx_word' id='word_1_388' title='bbox 229 4142 389 4208; x_wconf 84' lang='lat' dir='ltr'><strong>heredibus</strong></span> <span class='ocrx_word' id='word_1_389' title='bbox 408 4148 480 4223; x_wconf 88' lang='lat' dir='ltr'><strong>suis,</strong></span> <span class='ocrx_word' id='word_1_390' title='bbox 503 4156 534 4210; x_wconf 87' lang='lat' dir='ltr'><strong>ut</strong></span> <span class='ocrx_word' id='word_1_391' title='bbox 555 4157 657 4212; x_wconf 87' lang='lat' dir='ltr'><strong>teneus</strong></span> <span class='ocrx_word' id='word_1_392' title='bbox 679 4151 748 4215; x_wconf 92' lang='lat' dir='ltr'><strong>iude</strong></span> <span class='ocrx_word' id='word_1_393' title='bbox 769 4169 824 4233; x_wconf 91' lang='lat' dir='ltr'><strong>per</strong></span> <span class='ocrx_word' id='word_1_394' title='bbox 841 4152 1030 4216; x_wconf 83' lang='lat' dir='ltr'><strong>warnudinm</strong></span> <span class='ocrx_word' id='word_1_395' title='bbox 1047 4168 1146 4230; x_wconf 83' lang='lat' dir='ltr'><strong>suum,</strong></span> <span class='ocrx_word' id='word_1_396' title='bbox 1169 4161 1198 4214; x_wconf 85' lang='lat' dir='ltr'><strong>vt</strong></span> <span class='ocrx_word' id='word_1_397' title='bbox 1214 4151 1272 4238; x_wconf 80' lang='lat' dir='ltr'><strong>¹illu</strong></span> <span class='ocrx_word' id='word_1_398' title='bbox 1290 4159 1383 4229; x_wconf 89' lang='lat' dir='ltr'><strong>tenet,</strong></span> <span class='ocrx_word' id='word_1_399' title='bbox 1406 4149 1592 4232; x_wconf 82' lang='lat' dir='ltr'><strong>suprodicti</strong></span> <span class='ocrx_word' id='word_1_400' title='bbox 1607 4149 1760 4214; x_wconf 84' lang='lat' dir='ltr'><strong>iohannes</strong></span> <span class='ocrx_word' id='word_1_401' title='bbox 1775 4147 1854 4230; x_wconf 78' lang='lat' dir='ltr'><strong>Saye</strong></span> <span class='ocrx_word' id='word_1_402' title='bbox 1866 4143 2053 4210; x_wconf 86' lang='lat' dir='ltr'><strong>etRicnrdus</strong></span> 
     </span>
     <span class='ocr_line' id='line_1_30' title="bbox 229 4247 2052 4351; baseline -0.001 -26"><span class='ocrx_word' id='word_1_403' title='bbox 229 4255 400 4327; x_wconf 85' lang='lat' dir='ltr'><strong>heheudnm</strong></span> <span class='ocrx_word' id='word_1_404' title='bbox 422 4247 609 4346; x_wconf 70' lang='lat' dir='ltr'><strong>mesuagium</strong></span> <span class='ocrx_word' id='word_1_405' title='bbox 631 4275 660 4331; x_wconf 89' lang='lat' dir='ltr'><strong>et</strong></span> <span class='ocrx_word' id='word_1_406' title='bbox 681 4280 821 4348; x_wconf 79' lang='lat' dir='ltr'><strong>quartum</strong></span> <span class='ocrx_word' id='word_1_407' title='bbox 849 4282 965 4350; x_wconf 83' lang='lat' dir='ltr'><strong>partem</strong></span> <span class='ocrx_word' id='word_1_408' title='bbox 988 4271 1154 4351; x_wconf 85' lang='lat' dir='ltr'><strong>predictum</strong></span> <span class='ocrx_word' id='word_1_409' title='bbox 1181 4288 1249 4335; x_wconf 91' lang='lat' dir='ltr'><strong>cum</strong></span> <span class='ocrx_word' id='word_1_410' title='bbox 1271 4261 1482 4349; x_wconf 82' lang='lat' dir='ltr'><strong>pertinenciis,</strong></span> <span class='ocrx_word' id='word_1_411' title='bbox 1515 4279 1546 4334; x_wconf 86' lang='lat' dir='ltr'><strong>ut</strong></span> <span class='ocrx_word' id='word_1_412' title='bbox 1572 4259 1624 4334; x_wconf 89' lang='lat' dir='ltr'><strong>itln</strong></span> <span class='ocrx_word' id='word_1_413' title='bbox 1646 4259 1786 4348; x_wconf 88' lang='lat' dir='ltr'><strong>superius</strong></span> <span class='ocrx_word' id='word_1_414' title='bbox 1807 4251 1981 4346; x_wconf 76' lang='lat' dir='ltr'><strong>peti&#39;oeruut‘</strong></span> <span class='ocrx_word' id='word_1_415' title='bbox 1997 4268 2052 4325; x_wconf 86' lang='lat' dir='ltr'><strong>etc.</strong></span> 
     </span>
     <span class='ocr_line' id='line_1_31' title="bbox 229 4378 2055 4472; baseline -0.001 -28"><span class='ocrx_word' id='word_1_416' title='bbox 229 4379 269 4444; x_wconf 83' lang='lat' dir='ltr'><strong>iic</strong></span> <span class='ocrx_word' id='word_1_417' title='bbox 293 4382 418 4461; x_wconf 87' lang='lat' dir='ltr'><strong>predicti</strong></span> <span class='ocrx_word' id='word_1_418' title='bbox 441 4383 593 4450; x_wconf 86' lang='lat' dir='ltr'><strong>iohtnrtes</strong></span> <span class='ocrx_word' id='word_1_419' title='bbox 614 4381 694 4466; x_wconf 80' lang='lat' dir='ltr'><strong>Saye</strong></span> <span class='ocrx_word' id='word_1_420' title='bbox 720 4395 749 4451; x_wconf 91' lang='lat' dir='ltr'><strong>et</strong></span> <span class='ocrx_word' id='word_1_421' title='bbox 775 4389 922 4456; x_wconf 81' lang='lat' dir='ltr'><strong>lticttrdus</strong></span> <span class='ocrx_word' id='word_1_422' title='bbox 951 4395 1119 4472; x_wconf 82' lang='lat' dir='ltr'><strong>potiremur</strong></span> <span class='ocrx_word' id='word_1_423' title='bbox 1147 4391 1303 4456; x_wconf 70' lang='lat' dir='ltr'><strong>licenciam</strong></span> <span class='ocrx_word' id='word_1_424' title='bbox 1331 4385 1401 4454; x_wconf 85' lang='lat' dir='ltr'><strong>iude</strong></span> <span class='ocrx_word' id='word_1_425' title='bbox 1429 4387 1659 4469; x_wconf 79' lang='lat' dir='ltr'><strong>interloquendi.</strong></span> <span class='ocrx_word' id='word_1_426' title='bbox 1710 4383 1754 4446; x_wconf 81' lang='lat' dir='ltr'><strong>tie</strong></span> <span class='ocrx_word' id='word_1_427' title='bbox 1776 4383 1887 4447; x_wconf 74' lang='lat' dir='ltr'><strong>hubent</strong></span> <span class='ocrx_word' id='word_1_428' title='bbox 1916 4388 1973 4446; x_wconf 91' lang='lat' dir='ltr'><strong>etc.</strong></span> <span class='ocrx_word' id='word_1_429' title='bbox 2017 4378 2055 4443; x_wconf 86' lang='lat' dir='ltr'><strong>iit</strong></span> 
     </span>
     <span class='ocr_line' id='line_1_32' title="bbox 229 4491 2057 4600; baseline -0.001 -37"><span class='ocrx_word' id='word_1_430' title='bbox 229 4507 335 4580; x_wconf 77' lang='lat' dir='ltr'><strong>pecten</strong></span> <span class='ocrx_word' id='word_1_431' title='bbox 357 4500 435 4566; x_wconf 91' lang='lat' dir='ltr'><strong>idem</strong></span> <span class='ocrx_word' id='word_1_432' title='bbox 456 4491 609 4569; x_wconf 62' lang='lat' dir='ltr'><strong>mances</strong></span> <span class='ocrx_word' id='word_1_433' title='bbox 632 4503 713 4586; x_wconf 81' lang='lat' dir='ltr'><strong>snye</strong></span> <span class='ocrx_word' id='word_1_434' title='bbox 734 4515 765 4570; x_wconf 87' lang='lat' dir='ltr'><strong>et</strong></span> <span class='ocrx_word' id='word_1_435' title='bbox 785 4507 932 4572; x_wconf 78' lang='lat' dir='ltr'><strong>Ricerdtts</strong></span> <span class='ocrx_word' id='word_1_436' title='bbox 953 4519 1135 4600; x_wconf 79' lang='lat' dir='ltr'><strong>rennuerunt</strong></span> <span class='ocrx_word' id='word_1_437' title='bbox 1155 4510 1211 4573; x_wconf 85' lang='lat' dir='ltr'><strong>hie·</strong></span> <span class='ocrx_word' id='word_1_438' title='bbox 1224 4515 1255 4572; x_wconf 86' lang='lat' dir='ltr'><strong>ie</strong></span> <span class='ocrx_word' id='word_1_439' title='bbox 1278 4511 1398 4574; x_wconf 80' lang='lat' dir='ltr'><strong>cdritm·</strong></span> <span class='ocrx_word' id='word_1_440' title='bbox 1412 4511 1472 4574; x_wconf 86' lang='lat' dir='ltr'><strong>isto</strong></span> <span class='ocrx_word' id='word_1_441' title='bbox 1499 4507 1610 4572; x_wconf 89' lang='lat' dir='ltr'><strong>eodem·</strong></span> <span class='ocrx_word' id='word_1_442' title='bbox 1634 4507 1767 4567; x_wconf 78' lang='lat' dir='ltr'><strong>remitto</strong></span> <span class='ocrx_word' id='word_1_443' title='bbox 1787 4515 1844 4582; x_wconf 84' lang='lat' dir='ltr'><strong>per</strong></span> <span class='ocrx_word' id='word_1_444' title='bbox 1871 4505 2057 4564; x_wconf 85' lang='lat' dir='ltr'><strong>dttcruetom</strong></span> 
     </span>
     <span class='ocr_line' id='line_1_33' title="bbox 229 4620 2059 4709; baseline -0.001 -26"><span class='ocrx_word' id='word_1_445' title='bbox 229 4635 325 4684; x_wconf 87' lang='lat' dir='ltr'><strong>suum·</strong></span> <span class='ocrx_word' id='word_1_446' title='bbox 338 4620 535 4700; x_wconf 85' lang='lat' dir='ltr'><strong>predictum.¹</strong></span> <span class='ocrx_word' id='word_1_447' title='bbox 562 4623 600 4686; x_wconf 87' lang='lat' dir='ltr'><strong>lit</strong></span> <span class='ocrx_word' id='word_1_448' title='bbox 621 4625 775 4703; x_wconf 91' lang='lat' dir='ltr'><strong>predictus</strong></span> <span class='ocrx_word' id='word_1_449' title='bbox 796 4625 976 4709; x_wconf 71' lang='lat' dir='ltr'><strong>dionysius,</strong></span> <span class='ocrx_word' id='word_1_450' title='bbox 1000 4629 1069 4692; x_wconf 84' lang='lat' dir='ltr'><strong>licet</strong></span> <span class='ocrx_word' id='word_1_451' title='bbox 1090 4630 1286 4709; x_wconf 81' lang='lat' dir='ltr'><strong>solempniter</strong></span> <span class='ocrx_word' id='word_1_452' title='bbox 1307 4635 1447 4707; x_wconf 75' lang='lat' dir='ltr'><strong>meotes,</strong></span> <span class='ocrx_word' id='word_1_453' title='bbox 1481 4640 1545 4691; x_wconf 89' lang='lat' dir='ltr'><strong>nou</strong></span> <span class='ocrx_word' id='word_1_454' title='bbox 1563 4625 1694 4700; x_wconf 81' lang='lat' dir='ltr'><strong>receuti,</strong></span> <span class='ocrx_word' id='word_1_455' title='bbox 1729 4626 1777 4686; x_wconf 88' lang='lat' dir='ltr'><strong>set</strong></span> <span class='ocrx_word' id='word_1_456' title='bbox 1794 4623 1827 4684; x_wconf 87' lang='lat' dir='ltr'><strong>itt</strong></span> <span class='ocrx_word' id='word_1_457' title='bbox 1848 4624 2059 4696; x_wconf 70' lang='lat' dir='ltr'><strong>contemptrice</strong></span> 
     </span>
     <span class='ocr_line' id='line_1_34' title="bbox 229 4731 2056 4828; baseline -0.002 -25"><span class='ocrx_word' id='word_1_458' title='bbox 229 4743 313 4804; x_wconf 86' lang='lat' dir='ltr'><strong>curie</strong></span> <span class='ocrx_word' id='word_1_459' title='bbox 332 4745 458 4806; x_wconf 86' lang='lat' dir='ltr'><strong>recessit</strong></span> <span class='ocrx_word' id='word_1_460' title='bbox 478 4741 672 4808; x_wconf 29' lang='lat' dir='ltr'><strong>etedeietmm</strong></span> <span class='ocrx_word' id='word_1_461' title='bbox 693 4731 776 4809; x_wconf 81' lang='lat' dir='ltr'><strong>inuit.</strong></span> <span class='ocrx_word' id='word_1_462' title='bbox 819 4745 889 4810; x_wconf 84' lang='lat' dir='ltr'><strong>ideo</strong></span> <span class='ocrx_word' id='word_1_463' title='bbox 918 4758 1106 4828; x_wconf 85' lang='lat' dir='ltr'><strong>consequeus</strong></span> <span class='ocrx_word' id='word_1_464' title='bbox 1126 4757 1186 4826; x_wconf 86' lang='lat' dir='ltr'><strong>est,</strong></span> <span class='ocrx_word' id='word_1_465' title='bbox 1219 4748 1302 4828; x_wconf 87' lang='lat' dir='ltr'><strong>quoti</strong></span> <span class='ocrx_word' id='word_1_466' title='bbox 1328 4743 1483 4828; x_wconf 82' lang='lat' dir='ltr'><strong>predictus</strong></span> <span class='ocrx_word' id='word_1_467' title='bbox 1499 4733 1656 4808; x_wconf 74' lang='lat' dir='ltr'><strong>dchuuues</strong></span> <span class='ocrx_word' id='word_1_468' title='bbox 1678 4739 1764 4821; x_wconf 76' lang='lat' dir='ltr'><strong>haye</strong></span> <span class='ocrx_word' id='word_1_469' title='bbox 1788 4746 1817 4803; x_wconf 88' lang='lat' dir='ltr'><strong>et</strong></span> <span class='ocrx_word' id='word_1_470' title='bbox 1837 4731 1986 4802; x_wconf 81' lang='lat' dir='ltr'><strong>itionidus</strong></span> <span class='ocrx_word' id='word_1_471' title='bbox 2003 4747 2056 4800; x_wconf 82' lang='lat' dir='ltr'><strong>re·-</strong></span> 
     </span>
     <span class='ocr_line' id='line_1_35' title="bbox 231 4848 2057 4944; baseline 0 -23"><span class='ocrx_word' id='word_1_472' title='bbox 231 4867 374 4938; x_wconf 85' lang='lat' dir='ltr'><strong>cuperent</strong></span> <span class='ocrx_word' id='word_1_473' title='bbox 395 4861 538 4925; x_wconf 84' lang='lat' dir='ltr'><strong>seisinnm</strong></span> <span class='ocrx_word' id='word_1_474' title='bbox 567 4877 654 4926; x_wconf 85' lang='lat' dir='ltr'><strong>sunm</strong></span> <span class='ocrx_word' id='word_1_475' title='bbox 677 4877 781 4929; x_wconf 82' lang='lat' dir='ltr'><strong>sersus</strong></span> <span class='ocrx_word' id='word_1_476' title='bbox 802 4863 942 4944; x_wconf 80' lang='lat' dir='ltr'><strong>prelatos</strong></span> <span class='ocrx_word' id='word_1_477' title='bbox 957 4863 1126 4930; x_wconf 86' lang='lat' dir='ltr'><strong>lohuuoem</strong></span> <span class='ocrx_word' id='word_1_478' title='bbox 1147 4863 1248 4930; x_wconf 81' lang='lat' dir='ltr'><strong>helles</strong></span> <span class='ocrx_word' id='word_1_479' title='bbox 1276 4875 1306 4932; x_wconf 92' lang='lat' dir='ltr'><strong>et</strong></span> <span class='ocrx_word' id='word_1_480' title='bbox 1326 4865 1502 4930; x_wconf 70' lang='lat' dir='ltr'><strong>demultum</strong></span> <span class='ocrx_word' id='word_1_481' title='bbox 1527 4864 1565 4928; x_wconf 89' lang='lat' dir='ltr'><strong>de</strong></span> <span class='ocrx_word' id='word_1_482' title='bbox 1591 4861 1747 4943; x_wconf 69' lang='lat' dir='ltr'><strong>mesongie</strong></span> <span class='ocrx_word' id='word_1_483' title='bbox 1776 4865 1943 4938; x_wconf 82' lang='lat' dir='ltr'><strong>erqunrut</strong></span> <span class='ocrx_word' id='word_1_484' title='bbox 1967 4848 2057 4938; x_wconf 80' lang='lat' dir='ltr'><strong>perth</strong></span> 
     </span>
     <span class='ocr_line' id='line_1_36' title="bbox 230 4973 2056 5064; baseline -0.001 -24"><span class='ocrx_word' id='word_1_485' title='bbox 230 4975 372 5056; x_wconf 87' lang='lat' dir='ltr'><strong>predictis</strong></span> <span class='ocrx_word' id='word_1_486' title='bbox 394 4995 462 5042; x_wconf 90' lang='lat' dir='ltr'><strong>cnm</strong></span> <span class='ocrx_word' id='word_1_487' title='bbox 484 4983 694 5061; x_wconf 81' lang='lat' dir='ltr'><strong>pertinenciis,</strong></span> <span class='ocrx_word' id='word_1_488' title='bbox 723 4983 882 5048; x_wconf 86' lang='lat' dir='ltr'><strong>tenendum</strong></span> <span class='ocrx_word' id='word_1_489' title='bbox 905 4984 962 5050; x_wconf 84' lang='lat' dir='ltr'><strong>sihi</strong></span> <span class='ocrx_word' id='word_1_490' title='bbox 985 4991 1013 5047; x_wconf 90' lang='lat' dir='ltr'><strong>et</strong></span> <span class='ocrx_word' id='word_1_491' title='bbox 1035 4985 1196 5050; x_wconf 86' lang='lat' dir='ltr'><strong>heredihus</strong></span> <span class='ocrx_word' id='word_1_492' title='bbox 1216 4985 1295 5063; x_wconf 83' lang='lat' dir='ltr'><strong>suis,</strong></span> <span class='ocrx_word' id='word_1_493' title='bbox 1329 4986 1442 5064; x_wconf 78' lang='lat' dir='ltr'><strong>quietis</strong></span> <span class='ocrx_word' id='word_1_494' title='bbox 1459 4981 1496 5047; x_wconf 87' lang='lat' dir='ltr'><strong>de</strong></span> <span class='ocrx_word' id='word_1_495' title='bbox 1516 4978 1643 5062; x_wconf 80' lang='lat' dir='ltr'><strong>pretatis</strong></span> <span class='ocrx_word' id='word_1_496' title='bbox 1664 4979 1804 5042; x_wconf 74' lang='lat' dir='ltr'><strong>metune</strong></span> <span class='ocrx_word' id='word_1_497' title='bbox 1822 4975 1981 5040; x_wconf 71' lang='lat' dir='ltr'><strong>helicem</strong></span> <span class='ocrx_word' id='word_1_498' title='bbox 1995 4973 2056 5038; x_wconf 62' lang='lat' dir='ltr'><strong>det</strong></span> 
     </span>
     <span class='ocr_line' id='line_1_37' title="bbox 232 5083 2059 5186; baseline -0.003 -26"><span class='ocrx_word' id='word_1_499' title='bbox 232 5098 329 5160; x_wconf 81' lang='lat' dir='ltr'><strong>terius</strong></span> <span class='ocrx_word' id='word_1_500' title='bbox 351 5104 380 5160; x_wconf 89' lang='lat' dir='ltr'><strong>et</strong></span> <span class='ocrx_word' id='word_1_501' title='bbox 400 5097 562 5165; x_wconf 88' lang='lat' dir='ltr'><strong>heredihus</strong></span> <span class='ocrx_word' id='word_1_502' title='bbox 583 5104 646 5166; x_wconf 88' lang='lat' dir='ltr'><strong>suis</strong></span> <span class='ocrx_word' id='word_1_503' title='bbox 667 5109 696 5165; x_wconf 90' lang='lat' dir='ltr'><strong>et</strong></span> <span class='ocrx_word' id='word_1_504' title='bbox 718 5102 756 5167; x_wconf 94' lang='lat' dir='ltr'><strong>de</strong></span> <span class='ocrx_word' id='word_1_505' title='bbox 785 5105 928 5182; x_wconf 88' lang='lat' dir='ltr'><strong>predicto</strong></span> <span class='ocrx_word' id='word_1_506' title='bbox 945 5103 1098 5186; x_wconf 72' lang='lat' dir='ltr'><strong>Dionysio</strong></span> <span class='ocrx_word' id='word_1_507' title='bbox 1117 5113 1150 5168; x_wconf 84' lang='lat' dir='ltr'><strong>er</strong></span> <span class='ocrx_word' id='word_1_508' title='bbox 1173 5103 1335 5167; x_wconf 77' lang='lat' dir='ltr'><strong>heredibus</strong></span> <span class='ocrx_word' id='word_1_509' title='bbox 1361 5105 1426 5167; x_wconf 83' lang='lat' dir='ltr'><strong>suis</strong></span> <span class='ocrx_word' id='word_1_510' title='bbox 1449 5103 1486 5166; x_wconf 84' lang='lat' dir='ltr'><strong>in</strong></span> <span class='ocrx_word' id='word_1_511' title='bbox 1512 5100 1702 5181; x_wconf 71' lang='lat' dir='ltr'><strong>perpetuent</strong></span> <span class='ocrx_word' id='word_1_512' title='bbox 1753 5095 1790 5160; x_wconf 81' lang='lat' dir='ltr'><strong>lit</strong></span> <span class='ocrx_word' id='word_1_513' title='bbox 1818 5093 1899 5175; x_wconf 89' lang='lat' dir='ltr'><strong>qood</strong></span> <span class='ocrx_word' id='word_1_514' title='bbox 1926 5083 2059 5176; x_wconf 81' lang='lat' dir='ltr'><strong>predicte</strong></span> 
     </span>
     <span class='ocr_line' id='line_1_38' title="bbox 230 5201 2059 5304; baseline 0.001 -29"><span class='ocrx_word' id='word_1_515' title='bbox 230 5201 383 5280; x_wconf 80' lang='lat' dir='ltr'><strong>iohannes</strong></span> <span class='ocrx_word' id='word_1_516' title='bbox 403 5215 505 5282; x_wconf 82' lang='lat' dir='ltr'><strong>lintres</strong></span> <span class='ocrx_word' id='word_1_517' title='bbox 527 5227 556 5282; x_wconf 91' lang='lat' dir='ltr'><strong>et</strong></span> <span class='ocrx_word' id='word_1_518' title='bbox 577 5219 723 5284; x_wconf 79' lang='lat' dir='ltr'><strong>heinrice</strong></span> <span class='ocrx_word' id='word_1_519' title='bbox 743 5222 872 5287; x_wconf 80' lang='lat' dir='ltr'><strong>incessu</strong></span> <span class='ocrx_word' id='word_1_520' title='bbox 902 5223 940 5288; x_wconf 88' lang='lat' dir='ltr'><strong>de</strong></span> <span class='ocrx_word' id='word_1_521' title='bbox 968 5229 1057 5286; x_wconf 76' lang='lat' dir='ltr'><strong>terrm</strong></span> <span class='ocrx_word' id='word_1_522' title='bbox 1075 5215 1203 5304; x_wconf 87' lang='lat' dir='ltr'><strong>pr&#39;edicti</strong></span> <span class='ocrx_word' id='word_1_523' title='bbox 1223 5221 1362 5303; x_wconf 86' lang='lat' dir='ltr'><strong>tricuystt</strong></span> <span class='ocrx_word' id='word_1_524' title='bbox 1388 5221 1558 5286; x_wconf 77' lang='lat' dir='ltr'><strong>selenciam·</strong></span> <span class='ocrx_word' id='word_1_525' title='bbox 1575 5227 1631 5283; x_wconf 90' lang='lat' dir='ltr'><strong>etc.</strong></span> <span class='ocrx_word' id='word_1_526' title='bbox 1674 5213 1821 5280; x_wconf 78' lang='lat' dir='ltr'><strong>Eiidem</strong></span> <span class='ocrx_word' id='word_1_527' title='bbox 1838 5211 2002 5295; x_wconf 78' lang='lat' dir='ltr'><strong>ittouysittt</strong></span> <span class='ocrx_word' id='word_1_528' title='bbox 2015 5209 2059 5276; x_wconf 76' lang='lat' dir='ltr'><strong>id</strong></span> 
     </span>
     <span class='ocr_line' id='line_1_39' title="bbox 232 5324 2058 5425; baseline -0.001 -29"><span class='ocrx_word' id='word_1_529' title='bbox 232 5347 321 5397; x_wconf 89' lang='lat' dir='ltr'><strong>uunru</strong></span> <span class='ocrx_word' id='word_1_530' title='bbox 344 5338 399 5398; x_wconf 82' lang='lat' dir='ltr'><strong>etc.</strong></span> <span class='ocrx_word' id='word_1_531' title='bbox 443 5335 509 5402; x_wconf 76' lang='lat' dir='ltr'><strong>doe</strong></span> <span class='ocrx_word' id='word_1_532' title='bbox 527 5347 625 5403; x_wconf 82' lang='lat' dir='ltr'><strong>eutem</strong></span> <span class='ocrx_word' id='word_1_533' title='bbox 647 5343 748 5406; x_wconf 79' lang='lat' dir='ltr'><strong>omnin</strong></span> <span class='ocrx_word' id='word_1_534' title='bbox 771 5351 803 5406; x_wconf 88' lang='lat' dir='ltr'><strong>er</strong></span> <span class='ocrx_word' id='word_1_535' title='bbox 821 5342 940 5425; x_wconf 82' lang='lat' dir='ltr'><strong>singule</strong></span> <span class='ocrx_word' id='word_1_536' title='bbox 962 5333 1129 5423; x_wconf 82' lang='lat' dir='ltr'><strong>premisse,</strong></span> <span class='ocrx_word' id='word_1_537' title='bbox 1152 5341 1191 5406; x_wconf 87' lang='lat' dir='ltr'><strong>ud</strong></span> <span class='ocrx_word' id='word_1_538' title='bbox 1213 5343 1438 5421; x_wconf 81' lang='lat' dir='ltr'><strong>requisitionem</strong></span> <span class='ocrx_word' id='word_1_539' title='bbox 1461 5335 1832 5423; x_wconf 79' lang='lat' dir='ltr'><strong>predictorttttilohuuuis</strong></span> <span class='ocrx_word' id='word_1_540' title='bbox 1853 5331 1985 5415; x_wconf 60' lang='lat' dir='ltr'><strong>schefer</strong></span> <span class='ocrx_word' id='word_1_541' title='bbox 2004 5324 2058 5395; x_wconf 66' lang='lat' dir='ltr'><strong>lie</strong></span> 
     </span>
    </p>
   </div>
   <div class='ocr_carea' id='block_1_3' title="bbox 1801 5481 1856 5540">
    <p class='ocr_par' dir='ltr' id='par_1_5' title="bbox 1801 5481 1856 5540">
     <span class='ocr_line' id='line_1_40' title="bbox 1801 5481 1856 5540; baseline 0 -26"><span class='ocrx_word' id='word_1_542' title='bbox 1801 5481 1856 5540; x_wconf 85' lang='lat' dir='ltr'><strong>sr·</strong></span> 
     </span>
    </p>
   </div>
   <div class='ocr_carea' id='block_1_4' title="bbox 0 0 2455 6260">
    <p class='ocr_par' dir='ltr' id='par_1_6' title="bbox 0 0 2455 6260">
     <span class='ocr_line' id='line_1_41' title="bbox 0 0 2455 6260; baseline 0 0"><span class='ocrx_word' id='word_1_543' title='bbox 0 0 2455 6260; x_wconf 95' lang='lat' dir='ltr'><strong> </strong></span> 
     </span>
    </p>
   </div>
  </div>
 </body>
</html>
