4998 6256
401 579 462 662 44
1188 573 1298 670 liti,
1323 579 1399 652 luni
1421 577 1456 649 4.

162 913 172 926 .
287 953 292 963 ,
405 863 580 941 eumalere,
617 867 649 926 ut
671 862 730 944 ipsi
750 861 915 944 dignentur
934 877 1005 926 urm
1025 861 1090 928 suis
1111 863 1198 928 bonis
1219 872 1251 928 et
1269 863 1468 930 mereaadbis
1494 862 1533 927 ad
1562 863 1746 944 sepodiotanr
1776 865 1879 930 rillanr
1907 874 2102 968 remeare'et
2127 865 2238 946 redes,

406 970 588 1062 pruriente
610 979 666 1046 bee
687 988 828 1062 tempora
847 979 948 1046 lasere
969 978 1119 1046 solebant.
1162 981 1201 1046 iit
1221 999 1278 1048 nos
1298 983 1503 1063 promittimus
1525 983 1609 1047 robis
1631 993 1660 1048 et
1685 983 1761 1060 iilis,
1794 983 1874 1048 bona
1896 983 1955 1050 dde
1976 993 2006 1050 et
2026 984 2169 1063 indubio,
2195 987 2241 1050 sie

404 1099 605 1166 amicabiliter
626 1105 822 1181 pertractatu,
846 1100 1022 1177 consulere,
1057 1100 1153 1164 eleis
1174 1101 1334 1166 subuenire
1355 1102 1387 1164 in
1408 1101 1550 1166 omuibus
1571 1102 1635 1166 stris
1662 1102 1862 1186 peragendis,
1897 1104 1928 1167 in
1955 1101 2092 1170 belrimo
2120 1113 2238 1182 nostru,

404 1219 511 1298 (salvo
544 1219 610 1283 iure
642 1219 771 1303 regio),
804 1218 885 1299 quud
916 1220 976 1299 ipsi
1007 1217 1162 1283 nabebunt
1192 1220 1364 1284 uberiorem
1396 1219 1537 1284 anesten
1568 1229 1598 1284 et
1627 1220 1812 1286 voluntatem
1844 1221 1957 1286 ibidem
1988 1225 2237 1304 appropinquare
2272 1255 2278 1266 ·

404 1345 433 1401 ei
453 1338 485 1403 iu
507 1346 663 1416 postemm
686 1340 842 1402 reuenire:
876 1338 1004 1402 seientes
1024 1337 1106 1419 qnod
1128 1339 1170 1402 ite
1193 1337 1320 1420 prouide
1342 1346 1372 1402 ei
1393 1337 1521 1402 discreta
1542 1355 1635 1420 super
1655 1339 1714 1402 biis
1740 1340 1987 1419 prouidabimus,
2010 1341 2160 1406 mediante
2181 1339 2237 1406 Dei

403 1458 519 1539 grauia
541 1457 623 1536 qnod
647 1453 750 1522 nullus
771 1457 851 1522 alius
873 1457 1011 1522 minister
1031 1455 1086 1522 s'eu
1107 1453 1273 1522 oidelerius
1296 1455 1431 1550 aliquem
1452 1455 1595 1536 iujuriam
1616 1458 1661 1522 eis
1680 1457 1771 1525 trois
1797 1457 2027 1538 ptoooonodo,
2059 1461 2091 1526 in
2113 1459 2172 1526 biis
2193 1451 2237 1526 sia'

401 1579 527 1659 'agentes
549 1584 642 1658 prout
662 1577 693 1638 iu
716 1575 803 1640 vobis
822 1574 964 1640 ildariam
985 1575 1120 1657 gerimus
1142 1575 1320 1655 pleniorem.
1360 1573 1466 1640 Valste
1488 1576 1521 1640 iu
1542 1592 1594 1651 eo,
1624 1577 1676 1656 qui
1698 1584 1744 1642 est
1765 1577 1901 1642 omnium
1924 1593 1993 1640 reru
2016 1577 2111 1645 salus.
2156 1575 2238 1645 Sori-

404 1703 490 1774 ptum
510 1693 698 1772 leruemuib,
720 1709 800 1758 nuno
821 1693 944 1758 Domini
965 1693 1126 1757 millesimo
1149 1689 1289 1762 CCCC¹⁰9
1314 1691 1415 1771 XVll,
1438 1695 1551 1758 mensis
1572 1693 1687 1776 Aprilis
1709 1695 1759 1759 die
1780 1695 1971 1761 duodecima.

559 1812 657 1878 Vestri
685 1814 716 1878 in
745 1813 904 1892 erunibus,
937 1811 1088 1878 liubertus
1114 1811 1188 1893 lilys
1215 1819 1245 1876 ei
1271 1805 1375 1876 Simon
1401 1811 1532 1890 Beerda,
1566 1810 1753 1878 Custirmarii
1786 1813 1817 1878 in
1852 1814 1923 1878 silla
1951 1823 1979 1878 et
2006 1825 2098 1894 portu
2128 1833 2237 1900 magne

402 1931 589 2000 lemeurutb.

556 2048 600 2116 in
622 2049 744 2119 dorso:
776 2051 1023 2130 Venerabiiibns,
1045 2052 1184 2131 prouidis
1215 2057 1247 2115 et
1271 2051 1410 2116 diseretis
1432 2051 1520 2128 uiris,
1551 2048 1734 2116 Considibrn
1755 2069 1792 2116 uo
1812 2051 2049 2118 Prouousniibns
2071 2055 2238 2134 amensque

403 2172 509 2251 probis
529 2169 702 2236 bominibus
725 2171 855 2236 unimus
877 2171 915 2235 de
935 2169 1124 2254 ilumburgb,
1147 2153 1337 2250 presentetur
1358 2169 1413 2234 beo
1436 2169 1535 2233 litera

401 2393 561 2478 textit
597 2397 851 2501 inumeri,
868 2357 1016 2502 Korope,
1032 2397 1332 2498 tmdAldrmet'o,
1350 2397 1494 2477 desoert
1501 2395 1690 2499 norom,
1714 2395 1932 2476 Vollmuulrl
1947 2399 2042 2477 uroJ.
2057 2396 2236 2502 Yopruru,

400 2575 469 2630 ror
497 2549 736 2655 Vorlossorop
765 2549 872 2631 ilites
895 2549 1188 2631 Gmuodsittslses
1217 2556 1258 2629 in
1285 2547 1504 2655 Wyodepos
1522 2547 1631 2628 boue
1656 2573 1709 2628 oo
1730 2547 1777 2627 it.
1799 2548 2016 2651 Boloolood,
2046 2552 2083 2629 J.
2111 2547 2237 2630 otdoo

925 2704 1007 2783 und
1030 2699 1076 2784 B.
1107 2700 1291 2806 lloyford.
1351 2697 1465 2802 1117,
1495 2704 1590 2782 Juot'
1618 2699 1655 2782 4.
1676 2699 1711 2803 ¹)

553 2883 701 2950 Nouerint
722 2884 855 2948 uniuersi
876 2901 934 2965 per
954 2893 1110 2965 presentes
1141 2899 1197 2948 uos
1223 2882 1373 2947 Tbonram
1399 2883 1550 2974 liemare,
1587 2883 1789 2965 armigeram,
1822 2892 1853 2947 ei
1879 2881 2076 2960 biduueiam,
2111 2899 2233 2950 uxorem

400 3017 509 3081 meum,
532 3010 702 3068 attornusse
723 3003 751 3066 ei
775 3003 842 3066 looo
865 3011 969 3067 nostro
991 3004 1130 3084 posuisse
1152 2999 1294 3066 dilectum
1317 3001 1405 3066 nobis
1426 3003 1457 3065 in
1480 2999 1601 3066 Christo
1621 3001 1792 3066 lobanuem
1815 3001 1971 3085 Yugram,
2004 3004 2101 3066 niuem
2123 3011 2153 3066 et
2174 3004 2236 3083 pis·

399 3123 552 3186 senarium
580 3117 591 3204 fl
617 3119 753 3199 London,
777 3129 913 3186 nostrum
931 3101 1041 3185 ¹uerum
1063 3128 1092 3185 et
1113 3120 1281 3202 legitimum
1303 3127 1505 3198 attornatunr,
1536 3119 1574 3184 ad
1597 3119 1829 3184 deliberandum
1851 3122 1914 3185 viee
1936 3139 1972 3185 ao
1994 3123 2115 3188 numine
2131 3129 2236 3186 nostro

398 3239 530 3305 iiioardo
551 3238 718 3318 Rubriano,
742 3241 801 3304 cini
823 3247 853 3303 et
874 3239 1047 3320 piscenario
1069 3237 1211 3315 london,
1234 3236 1391 3301 Wiiieimo
1413 3236 1514 3302 Olden
1536 3247 1565 3302 et
1586 3239 1707 3322 liugero
1729 3237 1878 3320 Twylord
1901 3239 1947 3303 vei
1971 3241 2019 3303 vui
2041 3255 2147 3303 eornm
2170 3238 2236 3320 ple-

399 3375 471 3422 num
492 3358 739 3440 possessiouem,
755 3357 766 3438 ll
804 3367 833 3422 et
854 3355 1013 3435 perideum
1034 3358 1176 3420 seisinam
1200 3357 1231 3419 in
1255 3365 1317 3422 toto
1338 3355 1396 3421 illo
1415 3364 1586 3421 tenemento
1607 3373 1677 3422 oum
1698 3359 1780 3430 ituro
1809 3355 1966 3424 adiumnte
1987 3373 2024 3422 ae
2047 3373 2115 3422 curn
2137 3357 2234 3422 omui·

398 3477 454 3540 bns
477 3477 546 3542 aliis
568 3476 849 3555 commoditatibus,
878 3477 1063 3554 alsiumeutis
1094 3483 1122 3538 et
1144 3475 1331 3556 pertinentiis
1352 3475 1489 3556 prediolo
1518 3483 1687 3542 tenemento
1710 3485 1739 3540 et
1760 3477 1841 3558 kayo
1863 3475 2122 3557 qualitercumque
2143 3477 2236 3556 perti-

398 3595 547 3674 nentibus,
569 3598 687 3661 situatis
703 3598 735 3660 in
763 3592 774 3677 ΙΙ
800 3595 917 3659 venelia
934 3601 1040 3658 voratu
1055 3593 1303 3676 Wyndegoslaue
1321 3595 1352 3658 iu
1369 3595 1515 3673 parocbia
1530 3597 1665 3660 omnium
1679 3592 1715 3675 l)
1735 3595 1773 3660 od
1785 3595 1887 3660 lenum
1898 3595 2047 3674 Loudon.,
2070 3595 2235 3660 secuudum

398 3715 474 3790 virn,
502 3711 632 3777 sormam
655 3723 685 3778 et
706 3714 843 3779 ellectum
866 3713 1023 3778 cuiusdam
1046 3721 1128 3776 curte
1148 3713 1330 3778 leoliamenti
1352 3730 1409 3791 per
1430 3730 1486 3777 nos
1508 3712 1645 3795 prelatos
1665 3711 1814 3778 Tbomam
1838 3723 1867 3777 et
1888 3713 2068 3778 ildnnoium
2090 3713 2235 3792 predictis

397 3831 543 3909 lliourdo,
573 3831 728 3896 Willelmo
751 3840 781 3896 et
801 3832 922 3916 liugero
944 3832 1014 3896 inde
1037 3831 1182 3897 eouieute.
1230 3829 1340 3896 liututn
1368 3832 1500 3896 babituri
1520 3841 1551 3895 ei
1571 3840 1692 3915 gratim
1720 3831 1865 3912 quiequid
1894 3831 2048 3912 predictus
2068 3831 2233 3910 lohannes,

397 3957 567 4014 alternatus
597 3959 714 4027 noster,
748 3951 812 4014 vioe
838 3967 874 4014 ao
902 3951 1024 4014 nomine
1052 3959 1156 4014 nostro
1183 3952 1214 4014 iu
1243 3950 1401 4029 premissis
1423 3948 1527 4013 leserit
1548 3965 1606 4028 pro
1627 3950 1740 4014 seisiuo
1762 3949 1975 4028 deliberande,
2009 3960 2101 4030 proni
2122 3951 2233 4017 ibidem

397 4075 467 4132 tuno
489 4067 635 4148 temporis
651 4069 853 4146 personaliter
868 4070 1092 4135 interessemus.
1126 4068 1159 4132 in
1181 4069 1266 4132 euius
1289 4070 1332 4130 rei
1350 4069 1554 4132 testimouium
1571 4068 1761 4147 presentibus
1784 4069 1886 4152 sigilla
1903 4079 2005 4134 nostra
2024 4071 2233 4151 apposuimus.

395 4188 503 4252 Datum
526 4195 634 4269 quarto
657 4189 706 4252 die
727 4189 839 4252 mensis
859 4188 952 4266 lunii,
975 4205 1056 4251 auno
1078 4188 1165 4270 regni
1187 4185 1306 4250 ilenrioi
1329 4187 1425 4265 quinti
1448 4193 1517 4265 post
1540 4195 1736 4266 conquestum
1759 4189 1876 4268 quinto.

393 4410 555 4494 mxiv,
606 4415 672 4496 ils.
687 4413 864 4514 Funere,
895 4412 1043 4518 Koupe,
1074 4413 1157 4492 uod
1186 4412 1330 4494 desueto
1359 4410 1537 4516 Ebefruu
1564 4412 1795 4495 dborluaseo
1826 4413 1913 4494 deno
1939 4414 1988 4494 it
2014 4413 2232 4516 Bolseluod,

446 4567 502 4646 W.
532 4567 657 4648 Oldero
685 4568 768 4647 uod
796 4566 843 4646 R.
880 4564 1060 4672 lloysmd
1088 4563 1165 4644 iltr'
1183 4563 1432 4644 Gomndslltolt
1461 4567 1543 4646 und
1573 4567 1662 4673 Kny
1699 4573 1740 4646 io
1776 4566 1948 4673 Wyopos
1977 4565 2087 4647 boue
2118 4566 2194 4669 auf

686 4725 852 4824 momasip
874 4717 999 4799 Juloro
1025 4717 1092 4822 llis
1123 4714 1179 4797 66
1200 4717 1285 4796 fel.
1317 4716 1370 4797 13
1391 4717 1448 4797 sb.
1478 4718 1506 4797 d
1520 4718 1578 4824 pf.
1640 4717 1755 4824 1417,
1786 4720 1880 4799 Jont'
1901 4719 1939 4798 d.

547 4899 607 4964 lieo
629 4898 788 4964 indenturu
810 4898 890 4964 lanta
912 4903 991 4964 inter
1011 4899 1159 4964 Thomam
1182 4897 1327 4977 lilerrers,
1349 4901 1546 4982 armigerum,
1569 4908 1599 4964 et
1620 4899 1812 4980 biduarium,
1841 4917 1964 4964 suoram
1987 4903 2063 4980 eins,
2086 4919 2125 4966 ex
2145 4911 2231 4982 perte

393 5033 461 5095 rua,
484 5024 514 5079 et
528 5015 691 5081 llioardnm
713 5015 879 5096 Bolselund,
902 5021 999 5084 ciuem
1021 5029 1051 5084 et
1072 5017 1276 5100 pisceusrinm
1293 5016 1441 5096 london,
1463 5017 1654 5083 willelmum
1674 5017 1774 5084 Olden
1796 5017 2001 5101 ellingerum
2023 5017 2172 5102 Twylord
2194 5037 2231 5084 ex

548 5270 572 5335 ¹)
599 5267 658 5322 das
677 5269 738 5322 dam
757 5271 899 5337 originale,
918 5271 1043 5324 ueiebem
1061 5273 1163 5325 anuoab
1182 5273 1224 5325 ein
1244 5271 1330 5337 §lessi
1349 5265 1471 5336 subdant
1645 5271 1672 5338 ⁷⁴)
1698 5273 1774 5325 Fodit
1790 5271 1947 5326 Studiorum
