4866 6264
970 571 1253 671 magnum.
1933 573 2017 663 tao

205 861 313 945 cnibm
333 861 431 928 modia
452 879 488 928 ea
514 859 676 929 residentia
703 859 893 928 concedenda
922 867 1015 928 essem
1044 877 1123 926 nunc
1144 875 1217 924 vero
1236 875 1255 924 a
1276 857 1362 925 robls
1388 857 1559 924 oratoribus
1586 855 1732 926 ramam
1757 857 1878 924 decretu
1906 865 2021 926 mutum

206 983 283 1050 istuc
305 997 372 1048 esse
392 983 557 1066 abrogata,
580 989 611 1046 et
630 980 669 1046 de
690 980 850 1047 residentia
870 980 924 1045 illa
946 979 1166 1064 limburgensi
1187 995 1241 1044 ros
1263 994 1322 1042 nun
1343 975 1454 1040 babere
1475 977 1507 1040 in
1528 977 1691 1055 mandatis,
1713 979 1927 1058 nequicquam
1948 981 2022 1045 certi

205 1104 414 1182 pmmirtatnr,
436 1133 478 1148 -
500 1099 531 1165 id
553 1099 633 1180 quod
656 1109 686 1164 et
707 1098 878 1180 specialiter
898 1098 1038 1166 Maiestas
1060 1117 1115 1164 sna
1137 1101 1168 1162 in
1190 1098 1330 1163 omnibus
1351 1098 1416 1168 suia
1440 1095 1536 1160 literis
1562 1095 1600 1158 ad
1622 1095 1703 1162 linos
1725 1096 1898 1162 Anseaticos
1921 1099 2020 1178 requi-

208 1220 297 1298 sirlt,
323 1227 354 1284 et
374 1217 486 1284 donnini
508 1219 673 1284 consiliarii
694 1233 814 1298 semper
833 1221 864 1284 in
886 1221 949 1284 suis
970 1219 1099 1283 decretis
1121 1215 1257 1298 praelato
1279 1215 1474 1281 aldermanno
1496 1213 1752 1297 significaverunt,
1784 1216 1836 1296 oni
1857 1224 1927 1284 ante
1948 1233 2022 1296 qna·

207 1337 378 1406 driennium
400 1337 458 1402 sub
479 1340 596 1404 minore
617 1337 718 1420 sigilio
740 1338 867 1404 ciuitatis
878 1336 1058 1402 bobacensis
1079 1335 1187 1400 obtolit
1207 1334 1396 1399 decretorum
1416 1333 1654 1416 abrogationem,
1676 1351 1766 1414 quam
1788 1343 1859 1400 tnnc
1879 1335 2024 1416 temporis

206 1455 375 1538 potuissent
395 1455 563 1534 admittere,
585 1457 611 1520 si
632 1473 668 1520 ea
689 1455 756 1520 sole
773 1456 936 1522 uoluissent
950 1471 1016 1520 esse
1033 1453 1165 1520 contenti
1182 1462 1212 1518 et
1228 1469 1288 1517 nna
1304 1465 1376 1516 cunr·
1391 1467 1495 1516 eorum
1512 1449 1701 1518 decrdorum
1718 1453 1878 1518 abolitione
1892 1453 2024 1521 maiden-

207 1576 281 1640 tiam
297 1571 553 1657 llembnrgansem
572 1589 633 1638 non
651 1575 794 1656 conjungi
809 1574 917 1640 debere
933 1575 1165 1650 existimassent,
1186 1603 1228 1618 -
1249 1571 1392 1650 qnoniam
1412 1572 1454 1634 in*
1466 1569 1523 1636 bac
1543 1576 1629 1651 parte
1648 1585 1705 1652 per
1726 1585 1778 1638 ros
1799 1571 1938 1638 dominos
1953 1587 2023 1638 ore·

208 1699 289 1758 tores
300 1707 360 1758 non
377 1691 562 1758 satisfactam
580 1701 626 1758 est
640 1694 838 1773 expectationi
846 1693 1010 1758 llaiestatis
1027 1707 1101 1756 suae
1117 1699 1146 1754 et
1161 1691 1305 1756 oblationi
1315 1688 1443 1771 praelati
1457 1687 1655 1767 aldermanni,
1676 1689 1781 1756 iisdem
1796 1691 2026 1776 significandum

208 1809 304 1888 duait,
325 1827 359 1876 se
376 1818 503 1890 propter
517 1811 628 1876 mulus
644 1823 751 1876 causus
769 1827 829 1876 non
845 1825 935 1891 posse
953 1811 1145 1890 inpraesenti
1160 1809 1282 1875 abolere
1298 1809 1417 1874 decreta
1434 1809 1466 1872 in
1476 1808 1535 1872 boc
1546 1825 1639 1892 regno
1652 1806 1741 1886 lacta,
1752 1825 1841 1889 ‘guae
1852 1810 2026 1876 lnsmttcos

209 1939 402 2008 concernunt,
425 1931 482 1994 nisi
503 1929 589 2010 prius
611 1931 721 1994 certior
741 1929 806 1994 fleri
827 1931 934 2008 possit,
956 1931 1020 1994 soie
1040 1927 1256 1994 mercatoribus
1275 1927 1466 1994 residentiam
1485 1945 1551 1994 esse
1564 1945 1739 1994 ¹eorrcesaam
1754 1928 1811 1993 sub
1829 1931 2027 1998 rationalibus

212 2046 444 2126 conditionibus,
466 2055 557 2127 pront
577 2063 697 2129 semper
717 2049 872 2128 requisivit
893 2056 923 2112 et
944 2049 982 2112 ab
1005 2045 1200 2112 aldermanno
1221 2046 1277 2114 luit
1297 2048 1479 2128 promissum
1497 2055 1527 2112 et
1543 2047 1688 2112 oblatum.
1720 2045 1822 2128 ltaque
1839 2049 1866 2112 si
1881 2049 2028 2130 placuerit

210 2167 339 2258 dominis
358 2165 543 2232 Hanseaticis
565 2165 899 2250 velllamburgensibns
915 2166 1079 2232 concedere
1097 2165 1188 2230 talem
1202 2165 1404 2245 residentiam,
1425 2165 1565 2230 blaiestas
1586 2181 1641 2230 sua
1663 2164 1831 2246 pollicetur,
1844 2179 1944 2246 ‘mam
1965 2169 2028 2248 pn·-

209 2301 293 2350 mum
314 2283 352 2350 de
373 2287 438 2349 istis
459 2287 570 2350 certior
591 2282 682 2350 luerit
708 2285 806 2365 lacta,
840 2285 959 2370 decreta
986 2285 1036 2350 bio
1057 2282 1137 2350 tacta
1158 2284 1271 2350 abolita
1300 2287 1354 2362 iri,
1381 2293 1412 2348 et
1438 2292 1620 2350 mercatores
1641 2283 1721 2348 Anae
1741 2283 1921 2350 Teutonicae
1942 2287 2029 2352 resti·

208 2411 290 2470 tutos
311 2405 342 2469 in
364 2403 504 2470 omnibus
525 2405 562 2466 iis
583 2405 749 2489 privilegiis
768 2413 797 2470 et
814 2405 1061 2482 immunitatibus,
1083 2404 1192 2484 qulbus
1212 2420 1230 2467 a
1247 2404 1398 2486 principio
1413 2403 1499 2486 regni
1515 2405 1561 2466 sni
1578 2403 1674 2485 gerlai
1691 2411 1761 2468 sunt
1778 2403 1809 2467 in
1822 2404 1939 2469 diritate
1949 2403 2028 2470 bon·

210 2521 327 2588 dinensl
347 2530 378 2586 et
397 2521 429 2587 in
451 2521 521 2586 aula
542 2523 706 2606 vulgariter
727 2533 832 2592 vocata
854 2521 1102 2602 btuetuetbctt,
1124 2531 1155 2588 et
1174 2521 1248 2588 alibi
1270 2529 1368 2589 ament
1388 2531 1418 2586 et
1438 2521 1581 2598 vendent,
1612 2529 1704 2603 prout
1724 2529 1793 2588 aute
1813 2524 2028 2602 eomuerar‘mt,

210 2642 242 2704 in
264 2643 408 2706 custumis
429 2655 600 2720 pannorum
622 2643 727 2708 eedem
748 2644 825 2706 reiio
846 2647 1001 2722 ipsomm,
1034 2657 1112 2722 quae
1140 2651 1172 2706 et
1198 2642 1380 2706 naturalium
1409 2639 1597 2705 subditorum
1624 2642 1721 2724 regni.
1768 2638 1918 2706 serenitas
1940 2643 2030 2706 etiam

211 2774 267 2824 aua
289 2759 442 2822 annuatim
464 2758 681 2843 gratificabitur
700 2759 763 2824 illis
785 2760 823 2824 de
843 2761 1031 2824 convenienti
1054 2775 1179 2824 numero
1200 2775 1370 2840 pannorum
1391 2760 1545 2837 alborum,
1573 2775 1633 2822 non
1654 2760 1791 2824 obstante
1812 2767 1922 2824 statuto
1944 2761 2030 2843 regni

211 2879 243 2940 in
264 2878 459 2942 eontrarium.
502 2876 536 2942 ln
558 2877 625 2943 allis
647 2879 886 2961 gravaminibus,
919 2878 958 2941 de
978 2877 1088 2958 quibos
1114 2877 1257 2956 concussi
1281 2877 1363 2951 soliti
1389 2884 1459 2940 sunl
1479 2877 1623 2956 aduersus
1644 2881 1789 2942 maiorem
1811 2876 2029 2942 Londinensem

213 2995 434 3074 relevabuntur,
453 3005 596 3076 quantum
617 3013 676 3078 pro
699 3007 833 3078 tempore
853 2997 919 3062 llari
940 2997 1060 3076 polerit.
1103 2996 1147 3060 lie
1168 2995 1236 3060 aliis
1257 2997 1467 3060 controuersiis
1488 2995 1551 3059 sire
1570 2994 1762 3078 generalibus
1783 2997 2030 3062 concernentibus

213 3121 357 3179 tractatus
378 3131 551 3179 communes
572 3117 634 3181 sire
655 3115 813 3198 speciales,
836 3113 992 3197 deputabit
1013 3117 1248 3193 commissarios,
1270 3116 1322 3194 qui
1344 3129 1412 3179 cum
1434 3115 1605 3178 oratoribus
1626 3114 1761 3193 ipsorum
1781 3113 1964 3180 sufficienter
1984 3115 2030 3180 in·

214 3234 320 3300 structi
341 3235 436 3297 amice
456 3234 637 3313 tractabunt,
659 3243 692 3298 ut
712 3241 807 3298 totum
830 3235 983 3319 negotium
1004 3233 1043 3298 atl
1065 3233 1183 3299 finalem
1205 3232 1337 3314 aliquam
1351 3234 1583 3298 transactionem
1597 3230 1704 3300 deduci
1716 3235 1878 3313 poasltetc.
1920 3233 2029 3300 batum

215 3355 246 3416 ln
267 3351 392 3417 aedibus
413 3351 642 3430 Nonsncbianis,
664 3353 713 3418 die
734 3352 845 3418 mensis
867 3351 1009 3418 Octobris
1029 3349 1073 3432 3,
1095 3351 1183 3416 luno
1204 3351 1324 3417 Domini
1345 3349 1440 3418 1585.

309 3604 507 3695 ΟΙιΧΠΙ.
553 3611 763 3695 Scbreibert
793 3613 863 3693 der
890 3612 1054 3720 Kdaipio
1082 3611 1285 3695 Eleuteti
1315 3637 1367 3692 cc
1397 3612 1473 3694 dere
1503 3607 1626 3694 Senot
1654 3639 1702 3694 au
1729 3611 1933 3720 liesthorp.

862 3757 867 3768 ’
965 3765 1084 3870 1587,
1114 3767 1196 3849 uae
1217 3769 1283 3849 22.

362 3947 530 4028 Elisabeta,
557 3946 612 4012 bei
633 3949 732 4034 gratia
754 3946 897 4032 lngliae,
930 3947 1075 4015 Francius
1096 3957 1125 4013 et
1147 3947 1297 4035 llybernie
1318 3947 1440 4032 regina,
1470 3947 1539 4014 lldei
1560 3947 1743 4014 defensatrix
1764 3957 1820 4014 etc.
1864 3947 2030 4034 biagnlflcls

216 4063 431 4144 spectabilibus
453 4069 536 4146 virts,
558 4065 804 4146 Proconsulibus,
827 4065 1009 4134 Consulibus
1031 4075 1059 4133 et
1081 4066 1275 4135 senatoribus
1297 4067 1424 4133 ciuitatis
1444 4063 1695 4152 liamburgensis,
1725 4070 1830 4132 amicis
1851 4069 1961 4132 nostris
1981 4083 2033 4132 ca·

132 4156 136 4166 ¹
217 4181 345 4247 mmimis
365 4182 505 4248 salntem.
540 4183 692 4268 biagnillci
712 4184 827 4251 domini
847 4185 1026 4268 spectabiles
1048 4187 1187 4252 atanici
1209 4187 1324 4252 sincere
1345 4185 1464 4251 dilectll
1497 4184 1617 4267 Quanta
1639 4195 1668 4252 et
1688 4203 1779 4267 quem
1801 4187 1922 4264 aanna
1943 4183 2035 4248 iberit

216 4319 235 4366 a
257 4302 366 4384 priscis
387 4319 482 4382 nsque
503 4317 628 4369 avorum
650 4313 839 4382 nosnos-um,
872 4320 977 4388 regum
999 4303 1143 4389 lngliae,
1177 4307 1361 4387 temporibus
1386 4309 1465 4370 inter
1484 4311 1578 4370 statas
1600 4313 1720 4370 nostros
1741 4319 1919 4384 sacrumque
1939 4307 2034 4383 impe-

216 4421 296 4484 rinm
317 4419 486 4485 llomanum
506 4421 742 4502 Anaeaticesoue
762 4423 838 4488 adeo
860 4438 965 4488 omnes
986 4425 1120 4490 civitates
1141 4425 1290 4490 amicitiae
1310 4426 1480 4490 coniunctio
1501 4435 1531 4491 et
1551 4423 1765 4501 conlederatio,
1787 4424 1939 4487 ramorum
1960 4431 2035 4488 tem·

215 4553 326 4622 porum
343 4538 492 4604 ⁴historiae
513 4547 675 4619 testantur,
708 4549 738 4605 et
759 4557 813 4606 ros
833 4549 920 4624 grata
941 4544 1111 4608 animorum
1131 4547 1276 4617 memoria
1296 4544 1430 4608 recolere
1451 4545 1643 4608 arbitramur.
1692 4535 1786 4606 Cuius
1807 4541 2034 4606 necessitudinis

217 4657 505 4728 recordationeboc
526 4656 648 4737 quidem
670 4665 805 4740 tempore
825 4661 956 4724 maxime
976 4660 1124 4726 adductae
1144 4679 1263 4741 snmus,
1290 4670 1323 4729 nt
1344 4680 1411 4729 eam
1433 4659 1605 4726 commercii
1626 4659 1810 4737 libertatem,
1842 4675 1934 4740 mam
1954 4675 2034 4724 anno

218 4771 313 4855 1585,
334 4793 439 4842 meme
459 4774 601 4841 Octobris
621 4793 678 4858 per
697 4778 807 4860 privati
828 4775 954 4844 Consilii
975 4781 1070 4844 noemi
1092 4778 1250 4859 deputatos
1271 4781 1418 4862 quosdam
1440 4777 1665 4843 bnseatiearum
1693 4754 1842 4843 ciritatum
1865 4779 2036 4845 oratoribus

219 4891 410 4962 Nonsnchiae
431 4905 494 4960 mm
517 4895 690 4974 obtulimus,
712 4895 838 4962 eandem
860 4914 939 4962 nunc
960 4897 1066 4962 iisdem
1087 4899 1211 4965 urbibus
1232 4899 1330 4964 denuo
1352 4897 1481 4982 benigne
1502 4895 1674 4976 offeramus,
1696 4897 1819 4977 eiusque
1835 4899 2036 4964 concessionis
2156 4971 2159 4976 ,

220 5022 342 5078 noemae
364 5022 499 5080 tenorem
520 5014 616 5080 Aulae
636 5013 763 5080 Vestrae
785 5013 1000 5098 Styliarrlensi‘s
1022 5015 1185 5096 praelecto,
1209 5033 1297 5096 quem
1318 5014 1554 5081 Aldermannnm
1575 5023 1692 5094 uocant,
1714 5017 1828 5097 scripto
1849 5013 1928 5081 tradi
1949 5017 2036 5081 iussi-

220 5147 299 5212 mus,
321 5132 374 5212 qui
396 5129 433 5196 tle
453 5133 510 5196 bac
532 5141 595 5198 tota
613 5151 705 5198 causa
723 5151 777 5200 tos
798 5137 887 5215 plene
908 5138 1051 5200 certiores
1073 5132 1171 5201 lacere
1192 5136 1312 5217 poterit.
1355 5135 1393 5200 Ut
1408 5151 1478 5200 raro
1496 5134 1570 5200 baec
1588 5138 1695 5199 vetaris
1711 5136 1881 5199 commercii
1901 5137 2036 5202 instituta

221 5251 300 5316 ratio
320 5247 438 5314 felicius
459 5249 604 5333 procedat
623 5262 653 5319 et
674 5253 713 5320 ad
733 5261 870 5336 optatum
891 5255 1003 5320 exitum
1024 5253 1216 5335 proteletur,
1239 5255 1457 5323 mercatoribus
1473 5255 1586 5322 nostris
1602 5253 1803 5322 adrentuarils
1819 5254 2036 5335 mandarimus,

289 5401 495 5468 abactionem.
789 5415 796 5430 ·
1803 5403 1837 5459 il
