4914 6254
388 567 443 650 56
951 613 954 619 -
1161 561 1271 660 utor,
1298 566 1361 674 usn
1389 563 1447 634 1o.

388 853 523 936 sigillum
550 868 651 916 meum
679 851 821 931 apposui.
874 849 984 914 Datum
1012 849 1216 915 sextodecimo
1242 849 1292 914 dic
1323 851 1437 914 mensis
1463 847 1550 927 llaii,
1584 864 1664 912 anno
1692 852 1778 932 regni
1804 853 1885 935 regis
1907 851 2028 919 Henrici
2057 856 2131 918 sexli
2159 862 2230 934 post

389 980 590 1052 conquestum
609 987 701 1036 nono.
1857 967 2023 1036 Cleidicbe.

387 1194 574 1278 hXXV.
627 1197 706 1277 Dor
746 1195 960 1277 Goialliclrc
1006 1195 1064 1275 W.
1095 1194 1252 1298 Hoplea
1292 1168 1517 1299 besldlipel
1543 1195 1631 1274 dem
1664 1193 1711 1272 R.
1741 1142 1948 1277 Bolselurtd
1975 1199 2057 1278 noel
2087 1199 2230 1278 descen

301 1469 314 1488 .
448 1349 625 1453 Ebefrorr
645 1350 828 1430 rotoma
859 1350 1004 1428 descen
1025 1347 1154 1427 Reclrl
1185 1374 1237 1428 nn
1271 1349 1356 1426 doru
1382 1330 1654 1428 Grundslllclre
1682 1347 1764 1427 rond
1788 1349 1865 1428 Καί
1886 1355 1927 1428 in
1955 1350 2172 1454 anrlepos

1059 1499 1178 1580 Lurco.
1241 1497 1554 1605 tessellatus.

544 1683 648 1749 Sciant
671 1692 825 1765 presentes
843 1691 872 1746 et
888 1681 991 1758 loturi,
1014 1681 1097 1760 quod
1118 1699 1175 1765 ego
1196 1681 1374 1746 willelmus
1390 1681 1524 1763 llayton,
1547 1680 1688 1757 clericus,
1711 1681 1792 1760 dedi,
1815 1685 1953 1748 concessi
1974 1693 2003 1748 el
2024 1683 2081 1748 bac
2097 1687 2230 1766 presenti
2269 1709 2273 1716 ·

388 1811 473 1866 carta
496 1817 563 1867 mea
586 1803 763 1870 confirmari
785 1799 915 1864 Ricardo
937 1798 1113 1878 Bolreland,
1144 1802 1204 1864 ciui
1226 1809 1255 1863 et
1278 1801 1440 1864 mercatori
1460 1798 1619 1875 London.,
1658 1794 1668 1880 ll
1706 1807 1735 1861 et
1756 1799 1912 1878 lobanne,
1935 1803 2021 1865 rnori
2044 1818 2113 1879 sne,
2136 1809 2231 1864 totum

388 1929 590 1986 tenementum
614 1937 714 1985 meum
736 1937 804 1984 cum
827 1921 908 2000 lrayo
927 1918 1092 1996 adiacente,
1116 1919 1206 1982 simul
1228 1935 1297 1982 cum
1319 1920 1460 1982 omnibus
1482 1917 1755 1994 commoditatibus,
1779 1921 1965 1984 abiamenlis
1987 1927 2017 1983 et
2038 1921 2146 1983 ceteris
2168 1921 2232 1984 suis

386 2041 576 2119 pertinentiis
598 2049 627 2102 et
648 2039 764 2103 iuribus
801 2036 812 2120 ll
850 2038 1089 2116 quibuscumque
1110 2037 1255 2116 predictis
1275 2045 1447 2100 tenemento
1468 2045 1498 2100 et
1519 2037 1601 2117 lrayo
1623 2036 1883 2115 qualitercumque
1904 2039 2129 2116 spectantibus,
2159 2041 2232 2102 situ-

388 2167 471 2222 atum
495 2160 525 2220 in
546 2158 662 2222 remella
685 2166 790 2222 vocata
815 2155 1081 2240 Wyndegoselane
1103 2159 1134 2216 in
1155 2155 1301 2233 parocbia
1323 2152 1470 2218 Omnium
1491 2151 1671 2218 Sanclomm
1693 2154 1733 2216 ad
1756 2153 1859 2219 lenum
1894 2153 1905 2239 l
1945 2155 2093 2234 London.,
2117 2157 2234 2220 scilieet

387 2279 465 2340 inter
486 2283 687 2340 tenementum
710 2291 809 2355 nuper
829 2272 1034 2337 Bartholomei
1055 2271 1230 2356 Flresllyng
1253 2290 1290 2335 ex
1311 2280 1399 2352 parte
1421 2273 1571 2350 orientali,
1594 2281 1623 2335 et
1644 2273 1757 2354 lraynm
1775 2281 1913 2338 vocatum
1933 2271 2234 2360 Estcrlpnpesluallc

388 2412 425 2458 ex
447 2403 533 2477 parte
555 2394 752 2471 occidentali,
781 2411 817 2456 ac
839 2409 950 2472 aquam
970 2391 1124 2454 'lbamisie
1152 2407 1189 2455 ex
1211 2399 1298 2470 parte
1319 2390 1464 2468 australi,
1495 2398 1524 2454 et
1546 2399 1749 2454 tenementum
1771 2407 1867 2472 nuper
1890 2392 2042 2480 liutulphi
2064 2391 2234 2474 lllalreneye

388 2530 427 2577 ex
448 2521 536 2592 parte
558 2513 740 2592 aquilonari.
774 2510 865 2591 Quod
888 2527 959 2574 vero
982 2517 1184 2573 tenementum
1205 2509 1414 2591 supradictum
1437 2526 1505 2573 cum
1528 2510 1608 2591 lrayo
1630 2517 1659 2572 et
1681 2509 1749 2572 aliis
1771 2511 1835 2574 suis
1858 2511 1973 2574 iuribus
1994 2520 2025 2574 et
2046 2513 2234 2591 pertiuentiis

388 2631 544 2712 predictus
566 2630 703 2712 lingerus
725 2627 873 2709 Trrylord
900 2637 929 2692 et
956 2644 1031 2711 ego,
1060 2628 1212 2709 predictus
1238 2627 1413 2692 Willelmus
1441 2626 1578 2709 bayton,
1609 2645 1707 2710 nuper
1735 2608 1917 2693 coniunctim
1946 2630 2107 2694 babuimus
2136 2632 2234 2708 nobis,

387 2748 551 2813 beneditus
567 2757 597 2812 et
615 2748 776 2831 assignatis
795 2748 906 2811 nostris
923 2749 1155 2826 imperpetuum,
1178 2763 1215 2810 ex
1236 2745 1318 2810 dono
1341 2755 1370 2810 et
1391 2745 1583 2810 leodameoto
1606 2746 1733 2827 predicti
1755 2747 1876 2810 Ricardi
1898 2747 2064 2826 llolreland,
2087 2759 2179 2830 prout
2204 2752 2234 2813 in

389 2867 522 2946 quadam
545 2875 628 2930 carta
650 2883 705 2947 per
733 2865 883 2946 prelatum
906 2865 1070 2929 Ricardum
1092 2864 1247 2930 Boleland
1270 2864 1340 2928 inde
1362 2866 1449 2929 nobis
1472 2863 1608 2929 conlecta
1632 2874 1661 2929 et
1687 2867 1717 2929 in
1741 2866 1890 2948 bustengo
1911 2866 2035 2932 Loudnn
2058 2868 2096 2932 de
2117 2869 2237 2949 placitis

389 2993 471 3049 terre
494 2994 574 3049 tenta
597 2986 645 3050 die
668 2984 756 3066 Lunej
777 2986 917 3066 proxima
947 2992 1017 3062 post
1047 2983 1155 3048 lestum
1177 2981 1322 3046 Omnium
1344 2981 1543 3060 Sanctorum,
1557 2977 1561 2984 ’
1574 2999 1653 3047 suno
1680 2985 1766 3066 regui
1797 2985 1878 3066 regis
1899 2983 2020 3049 llenm'ei
2042 2987 2138 3064 quinti
2167 2995 2236 3066 post
2368 2976 2376 3000 ¹

390 3113 588 3183 conquestum
612 3120 703 3182 nono,
725 3103 804 3168 lecta
826 3111 855 3167 el
876 3103 1035 3168 irrotulata
1058 3103 1177 3184 plenius
1198 3104 1376 3166 continetur.
1410 3102 1447 3164 llt
1468 3104 1521 3180 qui
1542 3101 1664 3180 quidem
1686 3105 1914 3182 prenominatus
1931 3102 2070 3186 lisgerus
2086 3102 2236 3185 Twylo'rd

391 3230 486 3288 lotum
508 3226 556 3287 ius
577 3240 677 3302 suum,
701 3222 850 3286 clamenm
872 3229 903 3285 et
918 3220 1111 3298 demendum,
1135 3236 1193 3300 qne
1215 3220 1321 3283 babuit
1343 3237 1396 3284 seu
1414 3221 1526 3284 babere
1547 3220 1659 3300 polerit
1681 3222 1711 3283 in
1734 3229 1798 3284 toto
1815 3220 1954 3300 predicto
1977 3230 2145 3285 tenemento
2167 3237 2235 3287 oum

389 3343 473 3423 layo
496 3342 651 3405 adiacente
675 3349 703 3403 et
726 3343 834 3404 ceteris
855 3343 918 3403 suis
940 3340 1130 3420 pertinentiis
1153 3339 1297 3420 predictis
1320 3337 1410 3402 micbi
1433 3337 1552 3418 prelato
1572 3337 1730 3402 Willelmo
1752 3338 1882 3420 llaylom
1905 3339 2067 3405 beredibus
2090 3350 2119 3405 et
2140 3345 2237 3424 assig-

389 3462 467 3524 natis
490 3461 564 3525 meis
587 3463 808 3539 imperpetuum
836 3458 985 3522 releuauit
1008 3465 1037 3520 el
1058 3459 1180 3521 omnino
1210 3457 1248 3522 de
1277 3476 1310 3522 se
1337 3456 1548 3528 etheredibus
1575 3461 1639 3522 suis
1667 3458 1890 3538 imperpetuum
1919 3460 2054 3539 quietum
2081 3460 2236 3536 clamauit,

390 3588 482 3660 prout
504 3583 728 3660 perscriptum
750 3580 847 3658 ipsius
869 3577 981 3658 llogeri
1002 3574 1164 3657 Twylord,
1188 3575 1279 3638 micbi
1302 3577 1382 3640 dicto
1405 3575 1562 3639 Willelmo
1584 3574 1704 3657 llayton
1728 3575 1798 3640 inde
1820 3575 2001 3654 conlectum,
2024 3581 2110 3641 cuius
2132 3577 2237 3641 datum

390 3706 437 3760 est
458 3695 597 3761 London.
624 3695 803 3760 duodecimo
832 3695 881 3758 die
909 3697 1020 3758 mensis
1042 3693 1186 3776 Augusti,
1220 3711 1300 3758 anno
1328 3696 1414 3777 regni
1442 3697 1521 3778 regis
1550 3693 1670 3758 llenricl
1698 3699 1774 3760 sexti
1802 3705 1872 3775 post
1900 3703 2098 3774 conquestum
2125 3699 2236 3775 primo,

390 3814 485 3894 liquet
507 3812 673 3890 manifeste,
703 3813 875 3878 babendum
897 3822 927 3875 et
948 3813 1108 3877 tenendum
1132 3821 1226 3876 totum
1249 3814 1420 3892 predictum
1444 3821 1644 3878 tenementum
1667 3829 1736 3876 cum
1759 3814 1839 3894 lrayo
1863 3813 2029 3892 adiacente,
2052 3814 2143 3878 simul
2166 3832 2235 3877 cum
2341 3851 2349 3868 ·

391 3933 533 3996 omuibus
555 3933 835 4008 commoditatibus,
864 3933 1050 3996 aisiamentis
1072 3939 1101 3994 el
1124 3933 1233 3994 ceteris
1256 3933 1319 3995 suis
1343 3930 1460 3995 iuribus
1483 3940 1511 3994 et
1533 3933 1722 4010 pertiuentiis
1745 3933 1910 4009 rniuersis,
1940 3941 1971 3995 rt
1990 3931 2160 4012 predictum
2182 3940 2237 4010 est,

392 4050 518 4132 prelatis
543 4049 674 4113 Ricardo
697 4049 852 4112 Boleland
875 4058 904 4112 el
925 4048 1073 4125 lobanne,
1097 4053 1182 4112 ruori
1204 4066 1277 4126 sne,
1292 4047 1455 4112 heredibus
1478 4056 1630 4112 eteorum
1654 4051 1817 4131 assignatis
1840 4051 2073 4129 imperpetuum,
2096 4051 2134 4115 de
2156 4055 2238 4132 capi-

391 4170 503 4262 lalibps
526 4169 656 4233 dominis
673 4168 754 4232 leodi
777 4167 859 4232 illius
880 4185 937 4246 per
954 4169 1083 4232 seruicia
1107 4169 1175 4232 inde
1198 4166 1299 4230 debita
1321 4167 1410 4230 etde
1433 4171 1498 4230 iure
1521 4175 1676 4232 consueta.
1710 4167 1742 4230 lu
1766 4169 1851 4231 cuius
1873 4171 1917 4232 rei
1940 4171 2145 4233 testimoninm
2168 4169 2237 4232 buic

392 4292 525 4367 presenti
556 4297 637 4351 carte
659 4303 724 4350 mee
747 4287 880 4369 sigillum
909 4303 1009 4350 meum
1032 4288 1177 4366 apposui,
1207 4283 1360 4348 llicbardo
1382 4283 1509 4347 Wotton
1540 4293 1610 4348 mne
1633 4288 1748 4350 maiore
1776 4288 1907 4350 ciuitatis
1929 4285 2070 4364 London,
2101 4287 2239 4352 Waltero

391 4406 574 4488 Cberteseye
595 4413 625 4469 et
646 4405 778 4469 lloberto
800 4405 896 4488 burge
918 4414 989 4469 tnnc
1011 4403 1235 4466 vicecomitibus
1258 4401 1391 4466 eiusdem
1415 4404 1556 4481 ciuitatis,
1578 4404 1715 4482 predicto
1739 4403 1891 4469 llicbardn
1914 4403 2037 4468 Wotton
2060 4413 2132 4468 tunc
2154 4405 2237 4470 illins

390 4527 496 4590 warde
526 4523 734 4588 aldermanno.
778 4522 842 4586 lliis
864 4523 1004 4586 testibus:
1036 4521 1174 4585 lobanne
1196 4511 1421 4597 B'cderendene,
1454 4521 1591 4586 lobanne
1612 4522 1755 4604 Brykles,
1784 4523 1916 4586 lieberto
1939 4519 2064 4604 Smptb,
2103 4521 2240 4587 lobanne

390 4641 632 4719 Wassbbourne,
654 4639 783 4704 lleurioo
798 4639 950 4704 llissbere
966 4647 996 4703 et
1014 4641 1091 4704 aliis.
1125 4639 1234 4702 llatunr
1249 4637 1384 4716 Londou,
1408 4649 1493 4704 sento
1509 4641 1627 4705 decimo
1646 4641 1695 4704 die
1713 4642 1826 4704 mensis
1844 4638 1926 4716 llaii,
1949 4655 2030 4704 anno
2047 4645 2133 4723 regni
2156 4644 2237 4724 regis

393 4759 511 4824 lleurici
534 4764 610 4826 sesti
634 4769 703 4840 post
725 4769 923 4838 conquestum
946 4775 1037 4822 nono.

546 4875 588 4944 ln
612 4877 734 4944 dorso:
766 4879 824 4944 ista
847 4885 930 4942 carta
959 4878 1037 4942 lecta
1067 4876 1123 4940 luit
1150 4884 1180 4940 et
1208 4876 1367 4940 irrotulata
1391 4879 1421 4941 in
1445 4878 1592 4962 bustengo
1617 4879 1739 4942 bondon
1761 4878 1799 4942 de
1828 4877 1948 4957 placitis
1970 4886 2050 4941 terre
2080 4887 2161 4944 lento
2191 4879 2240 4942 die

391 4997 474 5062 Lune
507 4999 646 5076 proxima
680 5006 748 5077 post
786 4997 895 5061 testum
930 5005 1032 5062 sancte
1067 4995 1228 5060 Petronille
1263 4996 1404 5077 virginis,
1447 5014 1528 5061 anno
1561 5001 1646 5080 regni
1685 5002 1765 5080 regis
1800 4995 1920 5060 llenrici
1955 4998 2031 5060 sexti
2067 5007 2136 5078 post
2170 5013 2241 5060 con-

394 5124 533 5194 questum
556 5115 684 5179 decimo.

1857 5232 2037 5314 Carpenter.
