4998 6256
1081 631 1191 732 1282,
1216 638 1299 709 luni.
1342 678 1348 690 ·
1618 686 1620 694 ι
1690 637 1693 646 “
2056 643 2110 726 15

275 925 458 984 mercatores
480 917 518 984 de
538 918 636 984 hansa
657 917 852 998 Alemannie,
874 920 905 983 in
926 919 1031 985 cadem
1053 921 1177 986 ciuitate
1197 929 1270 985 tunc
1291 929 1461 1001 morantes,
1489 941 1527 987 ex
1549 924 1660 1005 altera,
1691 943 1784 1007 super
1806 928 2002 1008 reparaciooe
2023 938 2112 1008 porte

274 1037 420 1118 predicte,
443 1050 502 1118 que
524 1037 697 1102 minabatur
718 1040 855 1117 ruinam;
879 1039 919 1102 ad
940 1041 1027 1104 cuius
1048 1042 1307 1104 construccionern
1330 1048 1360 1104 et
1381 1044 1722 1122 reparamocemiidcm
1744 1055 1929 1112 mercatores
1951 1062 1986 1113 ac
2008 1047 2059 1110 alii
2073 1047 2111 1111 dc

272 1157 409 1238 predicta
426 1156 521 1222 hansa
537 1157 575 1220 de
593 1158 731 1238 partibus
744 1157 931 1236 Alemannis,
950 1157 988 1222 ad
1005 1158 1130 1224 eandem
1151 1160 1303 1223 ciuitatem
1323 1161 1516 1240 conduentes,
1540 1178 1597 1242 pro
1616 1164 1797 1242 quibusdam
1814 1165 2012 1244 libertatibus,
2034 1181 2111 1246 quas

273 1276 364 1340 iidem
386 1281 570 1340 mercatores
591 1272 704 1340 babent
725 1277 755 1339 in
778 1277 899 1341 ciuitate
920 1277 1072 1358 predicta,
1107 1277 1267 1358 atquibus
1296 1278 1389 1362 longo
1413 1288 1548 1360 ternpore
1569 1283 1729 1346 occasione
1751 1285 1990 1348 construccioois
2012 1293 2041 1347 ct
2062 1303 2110 1348 re-

272 1396 445 1476 parationis
467 1393 640 1458 huiusmodi
662 1395 705 1458 vsi
727 1393 857 1473 luerunt,
881 1403 911 1460 rt
932 1395 1022 1459 iidem
1045 1398 1145 1460 maior
1166 1405 1195 1460 et
1216 1399 1298 1461 ciues
1321 1399 1498 1463 asserebant
1520 1391 1578 1477 qua
1597 1402 1759 1464 occasione
1776 1403 1904 1466 districti
1919 1411 2016 1480 erant,
2039 1403 2110 1466 licet

272 1521 456 1578 mercatores
479 1514 607 1594 predicti
628 1513 877 1590 contradicerent,
905 1514 964 1577 hoc
985 1515 1050 1576 deri
1073 1529 1135 1578 non
1155 1513 1284 1580 deberes
1319 1535 1355 1580 ae
1376 1516 1524 1597 pandente
1546 1516 1718 1584 huiusmodi
1740 1523 1946 1599 contencione,
1969 1521 2109 1586 dominus

271 1651 325 1696 rea
346 1631 472 1715 Anglie,
496 1633 545 1696 ‘ad
566 1633 791 1716 suggestionem
813 1633 962 1696 dictorum
985 1635 1109 1696 maioris
1130 1642 1160 1696 et
1181 1635 1311 1710 ciuium,
1345 1635 1533 1700 thesaurario
1555 1645 1586 1699 et
1608 1638 1774 1702 baronibus
1802 1641 1865 1702 suis
1887 1639 1925 1703 de
1946 1637 2108 1705 scaccario

270 1752 416 1817 scriberet
439 1768 493 1832 per
515 1752 606 1816 breue
628 1767 726 1828 suum,
749 1757 788 1828 vt,
812 1752 924 1814 vocatis
947 1753 1083 1832 partibus
1105 1768 1208 1815 coram
1231 1754 1275 1816 eis
1297 1745 1490 1834 et'inquisita
1514 1756 1637 1820 veritate
1652 1717 1753 1836 mcor
1774 1756 1851 1834 biis,
1880 1757 1906 1821 si
1928 1758 2106 1835 inuenirent,

269 1872 352 1952 quod
382 1870 454 1935 dicti
489 1877 673 1946 mercatores
700 1868 739 1934 ad
767 1871 994 1948 reparationem
1021 1870 1101 1934 dicte
1129 1879 1216 1950 porte
1246 1879 1434 1952 tenerentur,
1475 1889 1528 1936 cos
1554 1873 1594 1938 ad
1623 1873 1680 1938 hoc
1710 1875 1944 1958 distringerent,
1983 1876 2107 1940 tandem

269 1984 407 2071 partibus
430 2003 532 2052 coram
554 1987 642 2051 dictis
664 1985 853 2052 thesaurario
883 1996 912 2050 ct
934 1989 1099 2054 baronibus
1122 1991 1325 2068 venientibus,
1358 2007 1427 2054 cunr
1449 1991 1540 2054 nichil
1564 2011 1600 2056 ex
1622 2002 1710 2074 parte
1726 1979 1881 2058 ¹dictorum
1903 2002 2106 2058 mercatorum

269 2112 458 2190 propositum
486 2115 582 2184 esset,
616 2106 697 2186 quod
726 2122 778 2170 cos
801 2123 819 2168 a
842 2107 1037 2186 reparacioue
1065 2106 1236 2170 huiusmodi
1267 2125 1412 2172 excusare
1439 2109 1576 2187 deberet,
1611 2084 1771 2192 presertim
1800 2127 1870 2175 cum
1897 2113 1934 2178 de
1957 2111 2106 2188 libertate,

269 2243 360 2308 quarn
388 2225 500 2290 habent
528 2228 560 2290 in
589 2228 710 2290 ciuitate
739 2224 892 2304 predicta,
926 2231 1078 2290 constaret
1107 2226 1145 2290 ad
1175 2226 1340 2306 liquidum,
1377 2245 1411 2291 ac
1439 2247 1495 2308 per
1522 2229 1578 2292 hoc
1601 2240 1777 2310 preceptum
1807 2237 1886 2295 esset
1906 2247 1963 2310 per
1983 2230 2105 2294 cosdem

267 2347 488 2442 thesaurarium
522 2353 550 2408 et
582 2346 729 2424 barones,
763 2345 872 2410 maiori
904 2351 933 2407 et
963 2345 1186 2409 vicecomitibus
1218 2345 1378 2425 predictis,
1412 2345 1492 2425 quud
1524 2363 1576 2411 eos
1605 2348 1642 2412 ad
1672 2352 1902 2428 reparationem
1931 2349 2104 2413 huiusmodi

265 2465 489 2548 distringerent.

419 2583 603 2646 Mercatores
635 2582 762 2662 predicti
796 2581 949 2646 videlicet:
994 2579 1149 2648 Gerardus
1182 2583 1340 2662 llerbode,
1375 2584 1589 2648 aldermannus
1624 2585 1718 2649 hanse
1746 2585 1896 2664 predicte,
1929 2584 2105 2666 ludolphus

265 2703 303 2764 de
343 2699 503 2778 Cnsielde,
546 2701 623 2764 ciuis
660 2697 801 2777 Colonia,
847 2699 982 2764 Luderus
1021 2701 1060 2764 de
1097 2701 1273 2780 hasenaro,
1318 2703 1477 2786 burgensis
1514 2703 1694 2782 immonis,
1737 2705 1891 2769 lohannes
1931 2703 1969 2768 da
2006 2703 2105 2782 Erasi,

265 2822 424 2903 burgensis
457 2819 635 2897 Tremoaie,
677 2817 852 2884 &ruamus
885 2820 924 2884 de
955 2817 1146 2906 llamburgo,
1190 2821 1352 2906 burgensis
1390 2822 1428 2884 de
1459 2820 1654 2906 llamburgo,
1698 2821 1874 2890 Godeslcallc
1914 2824 1952 2888 de
1984 2823 2104 2888 linden-

264 2941 347 3018 dale,
392 2940 551 3022 burgensis
589 2913 768 3016 Tremonie,
810 2937 965 3001 lohannes
1004 2939 1041 3002 de
1075 2915 1174 3018 licie,
1219 2940 1379 3022 burgensis
1420 2939 1612 3018 Monasterii,
1657 2949 1728 3004 tuuc
1766 2945 1798 3004 in
1836 2943 1941 3006 eadem
1983 2944 2104 3005 ciuitate

263 3062 440 3135 existentes,
480 3075 538 3140 pro
570 3075 603 3121 se
636 3065 664 3121 et
697 3072 753 3138 pro
787 3056 928 3120 omnibus
960 3053 1180 3122 mercatoribus
1214 3067 1243 3122 et
1275 3057 1366 3122 sociis
1400 3059 1462 3123 suis
1495 3058 1532 3121 dc
1565 3059 1661 3123 baasa
1693 3061 1829 3139 predicta
1863 3060 2103 3140 quibuscumque

263 3185 292 3239 et
324 3177 576 3255 quandocumque
608 3176 844 3253 confluentibus,
886 3173 925 3238 de
956 3184 1057 3240 cetero
1091 3193 1147 3258 pro
1180 3178 1262 3241 bono
1294 3179 1381 3256 pacis
1412 3186 1628 3242 concesserunt
1661 3187 1691 3241 et
1722 3183 1945 3256 promiserunt,
1988 3176 2102 3242 eisdem

264 3295 372 3358 maiori
395 3303 423 3357 et
445 3294 561 3357 ciuibus
582 3293 707 3356 Loudon
730 3294 768 3356 ad
791 3295 1019 3372 reparationem
1048 3303 1136 3374 porte
1162 3295 1297 3374 predicte
1324 3295 1363 3359 ad
1391 3311 1518 3377 presens
1540 3297 1685 3360 ducentas
1706 3297 1959 3380 etquadraginia
1982 3311 2104 3359 marcas

262 3411 478 3495 sterlingorum
511 3410 612 3474 statim
645 3410 823 3485 soluendae,
867 3419 896 3474 et
934 3413 1016 3490 qnod
1049 3413 1108 3491 ipsi
1142 3419 1171 3474 et
1204 3425 1395 3476 successores
1426 3415 1492 3489 sui,
1538 3423 1721 3476 mercatores
1754 3414 1792 3477 de
1825 3415 1921 3476 bansa
1954 3413 2102 3493 predicta,

261 3531 373 3594 dictam
402 3537 522 3610 portam
551 3530 633 3592 omni
663 3529 798 3609 tempore
827 3531 1029 3609 reparabunt,
1063 3531 1207 3608 quociens
1237 3545 1359 3594 neccsse
1389 3529 1493 3607 morit,
1527 3539 1557 3592 ct
1585 3531 1616 3593 in
1645 3529 1820 3596 ddcasicne
1847 3529 1982 3595 eiusdem
2004 3539 2102 3611 porte,

261 3650 407 3729 quociens
429 3663 495 3712 eam
518 3647 670 3711 custodire
693 3661 815 3710 necesse
836 3645 942 3725 licerit,
977 3661 1168 3726 quocumque
1196 3655 1335 3725 tempore
1364 3649 1488 3712 terciam
1511 3657 1629 3727 partem
1659 3647 1795 3712 custodie
1817 3649 1951 3730 predicte
1973 3651 2102 3714 susane-

260 3769 335 3833 bnnt
364 3770 427 3832 suis
454 3768 625 3846 sumptibus
652 3773 682 3828 ct
711 3765 884 3830 hominibus
913 3765 1078 3847 superius,
1103 3775 1133 3828 et
1163 3765 1234 3829 dicti
1263 3767 1363 3830 maior
1388 3774 1419 3830 et
1446 3769 1529 3832 ciues
1562 3767 1638 3831 duas
1666 3776 1768 3848 partes
1798 3768 1934 3833 custodia
1967 3769 2102 3851 predicte

259 3885 396 3951 interius.

413 4005 450 4068 lit
470 4023 528 4085 pro
550 4006 608 4069 ista
630 4023 721 4086 paee,
749 4005 809 4068 linc
831 3986 861 4068 et
882 4004 1043 4069 concordia
1066 4012 1281 4070 concesseruut
1303 4005 1374 4069 dicti
1397 4007 1497 4070 maior
1517 4013 1546 4069 et
1567 4005 1649 4068 ciues
1672 4005 1785 4070 eisdem
1816 4009 2036 4072 mercatoribus
2065 4009 2100 4071 li·

260 4125 392 4188 bertatcs
413 4136 495 4202 suas,
518 4124 628 4202 quibus
650 4125 796 4188 hactenus
817 4125 1044 4190 racionabiliter
1065 4127 1111 4188 vsi
1131 4132 1216 4204 sunt,
1236 4123 1392 4190 habendas
1413 4126 1473 4188 sihi
1495 4132 1524 4188 et
1545 4126 1772 4216 succcessoribus
1794 4127 1857 4189 suis
1880 4127 2099 4190 mercatoribus

181 4265 184 4274 ⁴
260 4242 298 4306 de
319 4242 416 4306 barasa
437 4243 573 4321 predicta
596 4245 830 4324 imperpetuum.
875 4243 911 4306 lit
933 4245 1072 4325 insuper,
1107 4243 1188 4322 quod
1218 4260 1274 4324 per
1302 4244 1532 4324 reparacionem
1561 4251 1590 4306 et
1619 4243 1787 4320 custodiam
1818 4244 1984 4324 predictam
2007 4247 2099 4323 quieti

258 4363 319 4425 sint
340 4362 563 4440 imperpetuum
585 4361 623 4424 de
645 4363 795 4444 muragio,
818 4371 964 4440 quantum
986 4365 1017 4426 iu
1040 4363 1083 4426 eis
1106 4371 1166 4439 est;
1190 4370 1220 4424 et
1241 4363 1322 4441 quod
1346 4361 1436 4426 blada
1459 4379 1534 4439 sua,
1557 4379 1616 4441 que
1638 4379 1695 4442 per
1716 4378 1768 4426 eos
1790 4359 1901 4424 adduci
1920 4363 2100 4444 contigerint

258 4475 429 4556 vendenda,
464 4479 494 4541 in
516 4479 637 4542 ciuitate
658 4477 813 4557 hospitare
836 4481 954 4561 possint
980 4489 1010 4545 ct
1031 4479 1161 4544 rendere
1189 4482 1220 4544 in
1244 4480 1388 4562 hospiciis
1411 4490 1441 4544 et
1462 4483 1615 4563 macariis
1637 4483 1700 4543 suis
1728 4493 1785 4557 per
1804 4478 2006 4561 quadraginta
2034 4481 2099 4544 dies

259 4607 436 4679 atempore
462 4597 681 4684 hospitationis
707 4598 858 4676 predicte,
891 4599 949 4663 nisi
972 4617 1028 4680 per
1054 4599 1211 4662 dominum
1241 4613 1345 4682 regem
1373 4599 1421 4664 rel
1447 4601 1594 4663 maiorem
1624 4607 1651 4662 et
1679 4599 1761 4660 ciues
1788 4604 1916 4675 propter
1944 4601 2098 4662 caristiam

259 4717 343 4781 bladi
376 4716 421 4781 rel
452 4718 543 4780 aliam
577 4733 702 4780 causam
737 4718 937 4781 necessariam
971 4717 1140 4796 bospitacio
1174 4716 1311 4796 predicta
1345 4718 1518 4782 inhibeatur
1549 4733 1702 4796 expresse.
1752 4713 1976 4780 concesserunt
2002 4719 2098 4781 eciam

258 4835 381 4914 eadem,
405 4836 487 4916 quod
509 4835 641 4900 babeant
661 4834 893 4900 aldermannum
915 4852 1004 4900 sunm
1027 4845 1121 4916 prout
1142 4837 1300 4900 retroactis
1323 4837 1509 4915 temporibus
1531 4835 1717 4914 lrabuerunt;
1752 4837 1793 4898 ita
1816 4843 1926 4912 tamen,
1950 4836 2031 4914 quod
2053 4821 2098 4900 a'l-

257 4953 443 5019 dermannus
464 4955 517 5018 ille
539 4956 577 5018 sit
598 4954 636 5018 dc
658 4954 796 5018 libertate
817 4956 948 5018 ciuitatis
969 4955 1120 5034 predicte,
1153 4963 1183 5018 et
1203 4956 1347 5036 quociens
1376 4971 1433 5032 per
1459 4953 1613 5032 predictos
1641 4961 1824 5017 mercatores
1852 4953 1967 5018 alectus
1994 4954 2097 5033 luerit,

258 5072 367 5136 maiori
389 5081 419 5138 et
440 5068 644 5138 aldermannis
667 5072 797 5137 ciuitatis
819 5081 1010 5155 presentetur
1031 5081 1060 5136 st
1087 5083 1191 5137 coram
1219 5073 1263 5137 eis
1290 5079 1512 5136 sacramentnm
1543 5069 1650 5150 iaciat,
1684 5081 1800 5136 rectum
1828 5079 1857 5136 ct
1886 5074 2035 5137 iusticiam
2065 5075 2096 5137 iu

256 5193 349 5256 curiis
370 5193 435 5256 suis
455 5193 695 5272 qtdbuscumque
716 5191 856 5272 faciendi,
878 5200 961 5258 etse
984 5191 1113 5258 habendi
1135 5193 1166 5257 in
1189 5191 1289 5258 officio
1311 5208 1386 5269 suo,
1417 5195 1511 5271 prout
1533 5189 1621 5258 saluo
1643 5191 1710 5256 iure
1732 5198 1761 5256 et
1782 5189 1998 5258 cousuetudine
2021 5193 2095 5256 ciui-

255 5309 326 5374 tatis
347 5325 381 5372 se
401 5309 513 5373 babere
535 5310 655 5376 debebit
676 5319 705 5376 et
727 5313 895 5376 consueuit.
