4998 6256
415 561 474 648 bs
1196 555 1472 674 utrumuis

416 852 576 928 assoncia,
599 863 677 914 uxor
694 851 771 928 eius,
794 863 851 930 pro
873 858 906 912 se
926 855 957 910 et
977 845 1106 910 beneclee
1124 855 1208 910 euos.
1221 859 1277 925 per
1297 849 1463 927 presentes,
1485 843 1568 924 nond
1589 843 1666 908 bace
1681 843 2253 927 .licebit.pnataaalticardobolcttnu,

417 969 585 1034 heredibus·
609 977 649 1033 et·
666 968 830 1052 assignatis
856 970 938 1043 aute,
970 963 1141 1044 predictum
1170 972 1373 1029 tenementum
1403 979 1471 1029 cum
1499 965 1581 1044 layo
1607 962 1763 1028 adiacente
1785 973 1815 1028 et
1834 967 1900 1042 anie
1919 963 2108 1043 pertbiendis
2129 966 2254 1046 pacfice

416 1099 446 1155 et
462 1092 564 1170 praete
579 1085 697 1153 babere·
707 1095 736 1152 et
750 1096 853 1154 tenere
871 1102 889 1148 a
906 1085 966 1148 dne
982 1081 1188 1165 predictorum
1206 1083 1313 1166 uiginti
1328 1094 1490 1161 annocum,
1510 1097 1667 1163 meque
1683 1081 1763 1147 idem
1773 1081 1927 1165 ¹iiictnrdm
1938 1083 2105 1162 boboloni,
2127 1085 2253 1150 berem

416 1210 464 1288 rel
485 1209 633 1293 assignati
654 1211 701 1270 sui
722 1207 917 1287 perceperint
938 1203 983 1266 ael
1006 1204 1176 1283 perceperit
1197 1201 1320 1285 singula
1340 1203 1479 1285 andagis
1501 1210 1532 1266 ct
1551 1215 1702 1282 expensas
1721 1200 1822 1266 metas
1842 1219 1898 1282 per
1918 1200 2071 1283 prelatum
2091 1203 2253 1272 llioardttm

288 1393 295 1398 .
415 1323 583 1403 boboleno,
605 1325 732 1390 beredet
747 1325 801 1394 rel
823 1327 994 1407 assignatos
1010 1337 1084 1386 suos
1101 1337 1159 1403 pro
1175 1323 1303 1404 siugulis
1317 1323 1408 1385 nouis
1423 1319 1667 1386 mldcaciouibus
1682 1319 1829 1401 predictis
1844 1334 1882 1384 ac
1902 1321 2009 1386 octenis
2023 1321 2255 1388 rationabilibus

417 1448 562 1531 custagiis
584 1447 654 1510 inde
676 1444 824 1526 appositis
846 1451 876 1506 ct
897 1440 984 1506 iactis
1006 1457 1061 1521 per
1083 1441 1251 1522 predictum
1274 1439 1436 1506 Ricardum
1456 1439 1621 1518 emesae,
1642 1437 1768 1504 necue
1781 1441 1834 1516 pel
1851 1442 2023 1524 assignatos
2044 1455 2127 1519 euos,
2141 1441 2253 1520 aliquo

416 1574 553 1646 tompore
573 1563 750 1628 eorumdem
771 1563 876 1646 viginti
898 1575 1047 1624 annorum
1070 1561 1206 1641 predicto
1229 1569 1398 1624 tenemento
1426 1575 1495 1624 cum
1517 1561 1598 1640 layo
1619 1559 1774 1624 adiacente
1794 1577 1832 1623 ao
1852 1557 1961 1623 adteris
1981 1559 2044 1623 suis
2065 1561 2254 1639 pertinentiis

418 1685 457 1748 ad
480 1693 600 1748 acutum
622 1671 736 1748 solidos
757 1681 971 1762 sterlingorum
1000 1695 1058 1759 per
1078 1693 1190 1746 aunum
1213 1685 1395 1758 computato.
1441 1677 1478 1742 ttt
1499 1679 1652 1759 predicate
1673 1677 1821 1743 Ricardus
1842 1677 1998 1742 Bobeimd
2020 1693 2125 1742 omues
2145 1679 2255 1743 domos

417 1815 471 1867 sen
493 1801 610 1866 edilicia
633 1801 792 1866 tenemeuti
814 1798 941 1880 predicti
970 1800 1000 1862 io
1023 1802 1102 1863 bono
1125 1805 1203 1862 statu
1227 1798 1375 1861 custodiet
1394 1813 1433 1861 ac
1455 1805 1562 1862 cauma
1583 1803 1705 1860 rentum
1727 1805 1756 1860 et
1779 1797 1916 1875 pluuium
1937 1796 2132 1862 «insensibiles
2153 1795 2253 1875 molet,

416 1923 588 2000 sumptibus
610 1923 673 1984 suis
694 1921 827 2000 propriis
850 1928 880 1982 et
901 1920 1059 2000 expensis,
1088 1917 1219 1983 durante
1244 1925 1306 1980 toto
1330 1918 1459 1980 termino
1481 1915 1562 1994 quod
1585 1913 1684 1980 dictus
1705 1915 1852 1981 Ricardue
1873 1915 2030 1982 eumne
2052 1923 2254 1980 tenementum

416 2039 585 2121 predictum
607 2049 707 2103 terere
730 2036 898 2121 contigerit,
922 2044 1097 2119 tempestate
1118 2030 1257 2098 honibiii
1278 2043 1310 2098 et
1330 2037 1400 2115 igne
1423 2034 1524 2098 abeno
1545 2033 1702 2098 domarat
1723 2037 1867 2116 acceptis.
1901 2031 1955 2100 Set
1969 2035 1997 2098 si
2013 2029 2134 2112 alienas
2148 2034 2255 2100 muros
2343 2039 2349 2050 '

415 2175 469 2225 seu
491 2159 607 2223 editicta
630 2159 789 2222 tenemento
812 2157 978 2236 sopradicti
1000 2173 1069 2222 curn
1091 2158 1174 2236 layo
1193 2156 1350 2220 adiacente
1372 2170 1408 2216 ac
1428 2155 1537 2219 ceorla
1558 2155 1621 2217 suis
1642 2156 1831 2234 pertinentiis
1851 2154 1980 2218 dumute
2000 2155 2130 2218 tmmiuo
2143 2154 2256 2236 uiginti

416 2292 565 2342 annorum
587 2278 625 2341 de
653 2290 734 2340 nouo
763 2277 897 2340 coustrm
927 2291 980 2338 sen
1007 2276 1140 2340 edtdcari
1170 2273 1345 2356 contigerit,
1375 2279 1446 2336 tuuc
1473 2271 1603 2350 predicti
1625 2272 1760 2336 Thomas
1780 2271 1916 2336 iiiorrers
1938 2275 1968 2334 ot
1989 2267 2154 2349 biduunm,
2181 2287 2256 2334 onor

414 2400 493 2474 eius,
521 2395 647 2459 heredes
669 2403 699 2457 et
720 2395 866 2476 assignati
888 2396 934 2456 sui
957 2395 1076 2476 singula
1099 2394 1235 2475 eustogia
1260 2398 1295 2454 et
1313 2402 1461 2471 expensas
1483 2387 1656 2455 buiosmodl
1678 2391 1975 2470 sumptibuscernm
1997 2394 2133 2471 propriis
2155 2399 2256 2454 eben·

415 2516 519 2594 peusis
541 2512 764 2593 supportebunt
790 2519 820 2574 et
848 2509 961 2574 laeieut
990 2511 1103 2590 absque
1132 2510 1234 2590 altum
1263 2509 1412 2572 dilacione
1440 2499 1494 2572 sen
1521 2507 1770 2573 contradictione.
1815 2508 1847 2572 ln
1877 2511 1964 2573 cuius
1986 2511 2030 2572 rei
2052 2510 2256 2598 testimonium

415 2640 520 2712 partes
546 2632 683 2711 predicte
707 2631 845 2709 partibus
873 2629 963 2692 buius
989 2629 1147 2694 indentute
1173 2627 1274 2711 sigilla
1296 2643 1351 2692 eun
1374 2627 1544 2692 attematim
1570 2636 1789 2709 apposuerunt.
1834 2627 1944 2692 batum
1973 2627 2117 2706 medon,
2148 2637 2255 2707 prauo

417 2751 467 2815 die
489 2753 602 2814 mensis
623 2749 714 2826 tuott,
737 2761 818 2812 auno
839 2752 925 2831 regni
948 2751 1031 2830 regis
1052 2745 1172 2812 denuoi
1192 2749 1382 2827 quinti'post
1404 2754 1600 2827 conquestum
1623 2751 1739 2826 quinto.

415 2956 557 3039 LXV.
609 2959 774 3039 Tbomoe
803 2956 980 3059 Fmers,
1012 2959 1160 3064 Kanope,
1198 2955 1518 3056 multonacus,
1551 2961 1660 3036 ccicc
1689 2955 1879 3058 utem,
1918 2956 2138 3061 deciditque
2160 2901 2257 3038 dent

416 3111 462 3191 it
488 3111 705 3212 Boltclocd‚
746 3111 802 3189 W.
828 3109 956 3191 otccc
985 3111 1067 3190 ond
1094 3110 1141 3189 tt.
1170 3109 1350 3216 ileyford
1377 3109 1439 3189 ibn
1466 3132 1551 3190 coto
1576 3108 1765 3212 Bieebose
1793 3133 1867 3188 ooo
1894 3107 2070 3188 Nouoieb
2098 3108 2181 3188 uod
2210 3107 2255 3187 tt.

622 3263 753 3344 ecclc
782 3245 1060 3344 obetcsscccc
1093 3259 1344 3344 Groodsltlob
1373 3264 1455 3342 uod
1484 3261 1572 3370 Koy
1602 3269 1642 3341 c'o
1681 3261 1903 3368 Wgudepos
1933 3261 2052 3340 donee.
2165 3374 2168 3388 Ι

1188 3415 1302 3517 1d17,
1332 3418 1427 3496 June
1448 3415 1485 3494 d.

570 3580 674 3646 Sciant
695 3589 854 3661 presentes
875 3590 905 3646 et
927 3581 1031 3658 loturi,
1054 3581 1135 3661 quad
1152 3597 1208 3645 nos
1224 3577 1358 3643 'lltomas
1375 3579 1506 3657 Ferrers,
1529 3581 1674 3663 armiger,
1697 3588 1726 3643 et
1744 3577 1902 3655 ildoncia,
1926 3591 2002 3640 taor
2023 3592 2100 3654 mea,
2124 3577 2256 3639 unanimi

417 3715 543 3765 assensu
565 3709 594 3764 et
616 3700 771 3764 voluntate
791 3699 940 3778 dedimus,
964 3701 1168 3763 concessimus
1189 3708 1220 3762 et
1240 3699 1298 3762 bac
1320 3701 1453 3778 presenti
1479 3696 1490 3780 ΙΙ
1518 3705 1602 3761 carta
1625 3706 1729 3762 nostra
1747 3697 1995 3760 coudrmnuimus
2014 3694 2143 3760 llicardo
2162 3693 2256 3758 Bole-

417 3818 504 3895 tend,
527 3821 587 3882 ciui
610 3827 638 3882 ct
660 3821 833 3898 pisccuario
853 3818 1001 3896 bordon,
1023 3817 1181 3882 Wilicimo
1198 3816 1298 3881 0ldeu
1321 3825 1350 3881 et
1371 3816 1492 3900 liugero
1508 3815 1659 3897 Twyibrd
1680 3821 1777 3879 totum
1799 3816 1874 3878 illud
1896 3823 2098 3879 tenementum
2119 3821 2256 3877 murum
2326 3881 2333 3888 ,

415 3951 483 4001 curn
506 3938 586 4030 layo
612 3935 625 4018 ll
661 3936 680 4017 (
688 3933 761 4002 Dos
784 3934 952 4024 Fuigeodc
977 3935 1039 4002 tct'e
1061 3935 1106 4002 im
1127 3933 1363 4004 corctetccatec
1385 3933 1607 4001 Documeatcn
1629 3931 1707 4014 bis)
1733 3931 1905 3996 babendum
1927 3941 1957 3996 et
1978 3932 2140 3997 macedum
2162 3939 2256 3995 totum

408 4056 585 4138 ,predictam
614 4063 814 4119 tenementum
836 4069 905 4118 cum
928 4056 1009 4137 layo
1030 4056 1186 4120 adiacente
1208 4073 1245 4119 ac
1267 4071 1336 4120 curu
1357 4055 1498 4117 omuibus
1521 4053 1588 4118 aliis
1611 4053 1890 4128 commoditatibus,
1924 4053 2110 4116 aisiameutis
2137 4059 2167 4114 et
2185 4067 2257 4129 per·

417 4177 550 4240 tinentiis
572 4173 717 4257 predictis
740 4181 908 4238 tenemento
930 4183 959 4238 et
980 4176 1061 4256 layo
1082 4177 1343 4255 qualitercumque
1363 4173 1584 4254 pertinentibus
1605 4171 1733 4253 prelatis
1754 4171 1884 4234 ilioardo
1907 4169 2077 4246 bubalam,
2101 4169 2257 4232 Wiilelmo

417 4293 516 4358 Olden
538 4302 568 4358 et
589 4294 709 4376 llogero
731 4293 894 4374 lupono,
923 4293 1085 4358 heredibus
1107 4303 1136 4358 et
1158 4295 1320 4376 assignatis
1341 4295 1405 4356 suis
1426 4292 1531 4368 libere,
1560 4293 1670 4371 quiete,
1698 4294 1825 4374 integre,
1848 4291 1923 4353 bene
1945 4299 1975 4352 ct
1996 4293 2027 4351 in
2050 4305 2124 4370 pace
2145 4291 2257 4366 imper·

417 4421 558 4494 potuum,
592 4413 630 4475 dc
652 4413 834 4491 capitalibus
855 4412 986 4476 dominis
1007 4412 1088 4477 leodi
1115 4413 1198 4476 illius
1219 4427 1277 4490 per
1298 4411 1420 4474 seruitia
1442 4409 1512 4474 iude
1535 4409 1633 4474 debita
1657 4419 1686 4473 et
1706 4411 1746 4473 de
1767 4413 1833 4472 iure
1856 4415 2008 4472 consueta.
2053 4405 2090 4468 iit
2112 4421 2168 4470 nos
2189 4419 2258 4484 prc-

416 4531 487 4596 dicti
509 4531 642 4595 lirantes
664 4541 695 4594 et
715 4531 873 4609 ildoncia,
898 4547 973 4595 vxor
988 4547 1066 4609 mea,
1089 4539 1118 4595 et
1137 4530 1263 4594 heredes
1281 4531 1377 4595 nostri
1396 4537 1491 4593 totum
1509 4528 1677 4608 predictum
1697 4535 1897 4593 tenementum
1915 4541 1984 4590 cetu
2003 4527 2084 4608 ltayo
2104 4525 2258 4589 adiacente

417 4667 453 4713 ac
480 4667 547 4713 curu
569 4651 710 4714 omnibus
732 4650 801 4715 eliis
823 4651 1102 4728 commoditatibus,
1137 4651 1322 4714 aisiameutis
1343 4656 1373 4712 et
1395 4650 1582 4728 pertiuentiis
1604 4647 1747 4728 predictis
1770 4653 1938 4710 tenemento
1960 4654 1989 4708 et
2012 4646 2092 4726 layo
2114 4643 2258 4722 qualiter-

418 4782 546 4846 cumque
575 4771 795 4847 pertioeutlbus
824 4768 949 4847 pretatis
971 4768 1103 4833 Ricardo
1125 4767 1297 4845 Bokelaud,
1331 4767 1488 4832 Willelmo
1511 4766 1610 4830 Oideu
1640 4775 1669 4829 et
1696 4763 1817 4848 liugero
1839 4761 2006 4845 Twylord,
2041 4763 2203 4826 heredibus
2227 4769 2258 4823 et

417 4887 579 4968 assignatis
607 4889 670 4950 suis
699 4895 804 4951 oootra
833 4903 937 4952 omues
966 4895 1070 4969 gentes
1092 4887 1361 4952 warantizabimus
1388 4895 1417 4950 et
1444 4885 1640 4950 &laudemus
1670 4888 1903 4966 imperpetuum.
1947 4882 1979 4946 lo
2003 4885 2088 4946 cuius
2111 4884 2154 4944 rei
2176 4881 2258 4944 testi·

416 5005 553 5068 monium
582 5005 651 5068 buic
678 5008 811 5086 presenti
838 5013 919 5070 certe
947 5015 1051 5070 nostre
1078 5005 1179 5089 sigilla
1210 5011 1315 5069 nosue
1338 5007 1552 5084 apposuimus,
1588 5003 1715 5068 ilcndoo
1738 5003 1863 5078 Barium
1898 5009 1968 5066 tunc
1990 5002 2106 5064 maiore
2128 4999 2259 5062 cluimtis

417 5121 553 5186 Loudou.
582 5121 714 5187 lieberto
741 5123 938 5206 Wedyugtuu
973 5133 1002 5186 et
1028 5125 1166 5188 iohanne
1195 5122 1359 5202 Coveotre,
1398 5133 1467 5187 tuuc
1500 5124 1723 5188 vicecomitibus
1757 5121 1892 5186 eittsduu
1917 5121 2066 5196 ciuiteds,
2107 5117 2259 5180 Riubardo

417 5241 558 5320 Wottou,
594 5252 663 5307 tuuc
692 5243 774 5307 illius
804 5241 909 5306 warde
932 5236 1140 5306 aldermauuo.
1185 5236 1248 5307 ttlts
1275 5244 1416 5307 testibus:
1460 5243 1598 5306 debeone
1619 5241 1779 5316 braidas,
1810 5240 1948 5306 bobum
1969 5235 2149 5319 optumo,
2182 5253 2259 5317 pan·
