4998 6256
402 581 459 664 dt
1173 574 1285 670 mro,
1311 577 1392 648 rue
1412 574 1473 647 ar.
1520 580 1526 611 ¹

403 867 563 932 ludewico
583 863 673 945 lobn,
694 861 832 928 iohanne
853 857 1082 944 Cornertaleys,
1105 861 1223 928 Thomu
1243 861 1357 945 Gwyn,
1376 861 1516 926 lobanne
1537 858 1703 943 Snypston,
1725 859 1845 928 Tbome
1868 862 2091 948 Welsyngltem
2114 873 2144 928 et
2164 864 2245 930 ulls.

402 986 512 1049 Datum
541 982 677 1048 London.
704 983 847 1048 vicesimo
876 990 986 1045 octauo
1013 980 1062 1044 die
1089 983 1202 1046 mensis
1231 982 1429 1060 Nouembris,
1468 995 1549 1044 anno
1577 982 1663 1064 regni
1691 981 1772 1063 regis
1798 979 1919 1047 llenriei
1947 985 2044 1064 quinti
2073 993 2143 1066 post
2170 1001 2242 1050 non·

401 1112 541 1185 questum
570 1104 684 1183 primo.

401 1327 500 1414 LX.
545 1327 722 1414 thbuod
754 1327 989 1436 Oomteoep,
1020 1326 1196 1438 'Biecieof
1219 1353 1292 1410 ooo
1320 1327 1515 1428 Noruiob,
1553 1327 1635 1438 uod
1662 1327 1709 1411 lt.
1737 1265 1868 1411 derbe
1902 1329 2139 1434 uberuugee
2169 1329 2240 1410 der

461 1484 659 1565 Aldtmciu
688 1481 855 1564 Portole
885 1481 964 1560 due
996 1477 1390 1562 Grundottteitoobct
1420 1481 1575 1587 Kopion
1606 1479 1677 1562 tier
1714 1480 1881 1592 Wpogoe
1910 1480 2039 1584 Lmoe,
2081 1487 2184 1562 eiust

833 1635 920 1714 dem
949 1634 986 1713 J.
1017 1633 1177 1714 Pateor
1205 1634 1424 1738 muldodip.
1486 1631 1598 1737 1415,
1629 1635 1724 1714 June·
1752 1634 1818 1713 27.

557 1815 722 1896 Omnibus,
754 1815 793 1882 ad
816 1830 892 1896 quos
913 1831 1041 1897 presens
1061 1815 1208 1896 scriptum
1229 1815 1420 1894 peruenerit,
1452 1831 1509 1879 nos
1529 1815 1678 1879 Ricardus
1700 1813 1886 1898 Courteney,
1915 1816 1971 1880 liei
1998 1817 2102 1899 gradu
2123 1815 2244 1881 Norwl-

403 1937 502 2002 censis
524 1939 696 2017 episcopus,
719 1935 908 2019 ellingerus
930 1932 1036 2011 Lccbe,
1059 1933 1309 2012 mitescentem
1331 1935 1363 1996 in
1386 1933 1515 1998 [lomim
1536 1933 1763 2014 sempiternam.
1806 1933 1884 2002 Cum
1897 1935 2046 1999 enardus
2062 1931 2243 2012 Chaddesle,

403 2057 548 2135 clericus,
582 2053 676 2138 (Dos
700 2051 865 2141 Folpecde
886 2052 948 2121 acie
971 2051 1052 2119 oben
1074 2049 1111 2116 in
1133 2049 1192 2118 der
1216 2048 1374 2118 ortunae
1393 2071 1466 2128 nom
1487 2051 1590 2119 lubre
1609 2050 1728 2138 141³,
1753 2051 1933 2122 November
1955 2050 2025 2120 28.
2034 2054 2054 2135 )
2082 2061 2111 2117 et
2136 2053 2243 2118 eedem

338 2147 340 2152 ι
403 2183 486 2240 certa
508 2192 564 2240 sue
586 2175 840 2240 eonllrmauerant
860 2172 992 2237 iohanni
1013 2169 1204 2253 llrelpngton,
1228 2171 1351 2249 clerico,
1374 2179 1403 2236 et
1423 2171 1546 2255 liugonl
1566 2172 1743 2254 llortymer,
1766 2176 1933 2257 armigero,
1955 2173 2069 2238 dictum
2093 2181 2242 2236 tenemen-

403 2303 474 2360 tum
496 2311 565 2360 cnm
587 2296 670 2376 layo
692 2293 902 2357 adiacentem
929 2291 1051 2354 unitate
1071 2289 1196 2356 London
1227 2262 1350 2355 etcum
1378 2289 1446 2355 aliis
1473 2291 1757 2370 commoditatibus,
1784 2294 1970 2358 adiumentis
1999 2301 2029 2356 et
2056 2292 2245 2373 pertinentiis

402 2414 538 2497 predicto
550 2419 720 2477 tenemento
738 2420 769 2475 et
783 2412 863 2492 layo
880 2409 1139 2490 qualitercumque
1164 2407 1176 2492 il
1202 2409 1430 2489 pertinentibus,
1450 2409 1621 2474 habendum
1638 2419 1667 2476 et
1678 2413 1840 2476 tenendum
1858 2412 2027 2492 predictum
2041 2417 2244 2475 tenementum

403 2533 473 2596 edm
495 2532 576 2613 layo
598 2539 627 2594 et
649 2534 757 2596 cerens
778 2531 842 2592 suis
863 2529 1063 2609 pertinentiis,
1092 2536 1122 2591 rt
1143 2528 1316 2608 predictum
1338 2535 1393 2606 est
1415 2527 1544 2610 prelatis
1564 2529 1696 2596 &benni
1719 2530 1896 2614 llelyngton
1919 2539 1949 2595 et
1970 2530 2102 2614 linguei,
2126 2528 2243 2593 bendi-

404 2653 461 2716 bus
482 2657 512 2714 et
533 2649 694 2732 assignetis
718 2649 804 2726 suis,
836 2647 875 2711 de
897 2645 1079 2729 capitalibus
1100 2647 1231 2714 dominis
1252 2647 1332 2714 leodi
1354 2648 1437 2713 illins
1458 2665 1514 2730 per
1534 2651 1664 2714 seruicia
1686 2650 1757 2714 inde
1779 2650 1880 2714 debite
1903 2657 1931 2714 et
1953 2650 1992 2714 de
2012 2651 2079 2714 iure
2099 2657 2244 2712 consuete

403 2772 643 2849 imperpetuum
672 2770 776 2848 etqui
799 2783 868 2831 vero
896 2763 906 2850 il
932 2765 1021 2850 lingo
1043 2767 1211 2849 llonymer
1231 2783 1287 2848 per
1307 2770 1451 2849 seriptum
1473 2783 1573 2848 soum,
1597 2769 1700 2834 dutum
1723 2768 1849 2834 london
1871 2777 1956 2832 serto
1977 2768 2096 2833 decim
2116 2767 2166 2831 die
2183 2767 2244 2832 llo-

403 2889 547 2966 uembris,
574 2904 656 2951 anno
678 2889 766 2970 regni
787 2887 869 2969 regis
890 2885 1011 2949 llendei
1031 2887 1128 2966 quinti
1150 2887 1261 2966 primo,
1283 2889 1362 2950 luter
1383 2886 1443 2951 alia
1465 2890 1618 2952 remiserit
1637 2895 1667 2952 et
1689 2887 1873 2952 relexeuerit
1894 2885 2012 2969 prelato
2032 2887 2164 2951 iohanni
2178 2885 2243 2950 ilre-

404 3009 542 3091 lyngton,
564 3005 726 3071 heredibus
749 3013 779 3069 et
800 3006 968 3088 assignatis
991 3008 1054 3068 suls
1076 3007 1301 3086 imperpetuum
1324 3013 1418 3070 totum
1441 3007 1488 3071 ius
1509 3015 1539 3070 et
1561 3007 1726 3090 clameum,
1760 3008 1845 3087 'quod
1872 3007 1977 3070 babuit
2003 3010 2033 3070 in
2056 3007 2139 3070 dieto
2160 3015 2244 3070 tene—

403 3135 519 3205 mento,
550 3125 681 3203 solario,
715 3124 829 3188 celario
851 3131 880 3188 et
906 3124 986 3205 layo
1015 3122 1174 3188 allucente
1206 3139 1275 3188 cnm
1302 3125 1444 3190 omuibus
1470 3127 1534 3190 suis
1560 3127 1748 3205 pertinentiis
1775 3127 1894 3189 situatis
1929 3127 1959 3188 in
1988 3125 2106 3190 venelia
2135 3132 2242 3188 uocate

402 3243 654 3328 Wyndegoslene
673 3243 706 3306 in
730 3241 877 3323 parochia
898 3242 1035 3304 omnium
1057 3239 1239 3308 Sanctorum
1262 3244 1300 3307 ed
1323 3243 1425 3308 lenum
1447 3243 1593 3323 Loudon,
1629 3245 1712 3325 quod
1733 3245 1855 3324 quiden
1878 3250 2078 3308 tenementum
2102 3260 2170 3308 cum
2193 3259 2243 3306 so-

403 3363 499 3442 lario,
534 3363 651 3426 celario
674 3369 704 3424 et
725 3361 805 3442 layo
827 3359 983 3424 adiacente
1006 3377 1075 3424 cum
1097 3362 1236 3425 omnibus
1258 3363 1322 3426 suis
1345 3364 1533 3444 pertinentiis
1556 3365 1710 3443 quondam
1732 3363 1788 3428 bnt
1809 3363 1937 3442 predicti
1956 3361 2104 3426 iohannis
2125 3359 2243 3444 sletgb,

402 3484 566 3564 armigeri,
593 3489 685 3563 prout
705 3481 738 3542 in
759 3477 867 3542 eodem
888 3481 1003 3562 scripto
1024 3479 1145 3561 plenius
1165 3488 1312 3561 apparet3
1341 3491 1508 3561 posteaque
1529 3483 1682 3564 prodicus
1707 3483 1861 3546 lohannes
1883 3481 2063 3564 llrelyngton
2093 3497 2150 3562 per
2177 3497 2243 3546 eer-

406 3611 468 3665 tum
491 3617 590 3677 suem,
613 3599 716 3663 datam
738 3596 865 3662 london
888 3600 1030 3663 vicesimo
1051 3607 1161 3663 octauo
1189 3599 1239 3663 die
1261 3598 1373 3664 mensis
1393 3600 1589 3680 Nouembris,
1622 3618 1704 3666 anno
1733 3602 1861 3683 predicti
1888 3603 1969 3684 regis
1997 3599 2118 3664 ilenrici
2145 3600 2241 3680 quinti

404 3721 491 3802 regni
513 3721 629 3799 primo,
661 3717 805 3794 dederet,
840 3726 1030 3782 concesserat
1052 3727 1081 3782 et
1103 3718 1208 3782 eadem
1229 3727 1314 3784 caria
1336 3736 1391 3783 sua
1413 3721 1648 3785 coudrmanerat
1668 3721 1757 3785 uobis
1778 3719 1923 3800 predictis
1945 3719 2076 3784 Ricardo
2099 3720 2242 3800 episcopo

404 3846 433 3903 et
452 3837 575 3918 Regem
596 3835 693 3900 Leclre
715 3843 811 3899 toturn
832 3834 1002 3916 predictum
1026 3846 1227 3902 teneruentum
1249 3854 1317 3902 cem
1341 3839 1422 3920 layo
1444 3839 1601 3904 adiacente
1620 3842 1653 3902 in
1675 3841 1797 3904 ciuitate
1812 3839 1939 3904 medon
1960 3857 1997 3903 ee
2014 3855 2084 3904 cum
2102 3839 2242 3904 omnibus

404 3957 473 4021 aliis
496 3955 775 4033 commoditatibus,
804 3956 989 4020 aisiamentis
1010 3964 1041 4020 et
1062 3957 1253 4036 pertinentiis
1274 3955 1412 4037 predicto
1435 3966 1603 4022 tenemento
1626 3967 1654 4020 et
1683 3959 1764 4040 layo
1786 3959 2045 4038 qualitercumque
2067 3959 2243 4037 pertinenti-

403 4078 461 4141 bus
483 4074 654 4138 babendum
678 4081 707 4136 et
727 4074 889 4139 tenendum
910 4075 1007 4153 nobis,
1030 4074 1192 4140 heredibus
1213 4085 1244 4140 et
1265 4077 1428 4159 assignatis
1450 4079 1561 4142 nestris
1583 4079 1817 4159 imperpetuum,
1845 4081 1925 4142 sient
1948 4081 1979 4142 in
2001 4087 2085 4142 certa
2107 4077 2242 4159 predicta

404 4195 498 4276 liquet
524 4192 702 4258 manifeste:
737 4194 884 4257 noueritis
905 4210 961 4257 eos
983 4193 1118 4274 prelatos
1140 4193 1305 4259 llicerdnm
1333 4197 1511 4277 episcopum
1538 4205 1568 4260 et
1589 4196 1743 4279 Rogarem
1765 4197 1862 4261 Leche
1889 4197 2027 4273 dedisse,
2056 4198 2243 4262 concessisse

403 4323 433 4377 et
453 4313 511 4378 bac
533 4313 665 4394 presenti
688 4321 772 4377 carta
793 4321 897 4377 nostra
919 4313 1116 4379 conllrmusse
1138 4313 1247 4380 dilecte
1269 4316 1357 4380 nobis
1379 4315 1473 4378 nobili
1495 4315 1615 4380 mulieri
1639 4314 1787 4380 Alduneie
1809 4317 1929 4380 Portale
1952 4325 2045 4380 totum
2072 4316 2241 4394 predictum

256 4451 277 4464 “
402 4441 604 4497 mouentum
627 4447 696 4496 cum
718 4433 799 4514 layo
821 4430 978 4496 adiacente
999 4435 1029 4495 in
1053 4436 1173 4498 ciuitate
1195 4433 1320 4498 London
1343 4451 1379 4497 ac
1401 4451 1469 4498 cem
1492 4434 1632 4499 omnibus
1655 4435 1724 4498 aliis
1745 4435 2027 4511 commoditatibus,
2057 4435 2242 4498 aisiamentis

403 4560 432 4617 et
453 4553 641 4634 pertinentiis
663 4550 800 4632 predicto
822 4558 993 4614 tenemento
1018 4558 1047 4614 et
1075 4554 1156 4634 layo
1186 4553 1446 4634 qualitercumque
1467 4556 1703 4633 pertinentibus,
1732 4555 1904 4619 habendum
1931 4564 1960 4619 et
1980 4553 2143 4618 terendum
2172 4569 2242 4632 pre-

403 4671 517 4763 dictum
538 4679 741 4735 tenementum
763 4687 831 4734 cum
854 4671 936 4751 layo
958 4677 989 4733 et
1010 4673 1119 4736 ceteris
1141 4673 1281 4738 omnibus
1304 4673 1367 4736 suis
1388 4674 1591 4753 pertinentiis,
1615 4682 1645 4737 vt
1666 4674 1835 4753 predictum
1858 4683 1920 4751 est,
1944 4672 2061 4755 pretate
2084 4671 2242 4746 liduncle,

403 4789 564 4853 heredibus
587 4797 616 4853 et
638 4791 801 4873 assignatis
822 4791 897 4868 suis,
920 4790 957 4854 de
979 4790 1159 4871 capitalibus
1181 4791 1312 4855 dominis
1336 4789 1417 4855 leodi
1439 4791 1523 4856 illius
1545 4808 1601 4872 per
1622 4793 1751 4856 seruicia
1773 4791 1844 4855 inde
1864 4791 1966 4855 debita
1989 4800 2019 4854 et
2036 4789 2153 4854 dcinre
2167 4805 2241 4852 cou-

404 4915 490 4972 sueta
511 4909 745 4988 imperpetuum.
789 4907 826 4972 lit
847 4925 904 4973 nos
925 4909 1055 4991 predicti
1075 4908 1225 4975 Ricardus
1245 4913 1408 4990 episcopus
1430 4909 1719 4994 etllogerusLecho
1741 4920 1771 4976 et
1792 4910 1918 4975 beredes
1941 4913 2037 4974 nostri
2058 4918 2155 4973 toturn
2173 4923 2242 4988 pre-

404 5026 517 5091 dictum
539 5033 741 5091 tenementum
763 5045 832 5091 eum
854 5027 936 5109 kayo
958 5029 1116 5093 adiacente
1136 5037 1166 5093 et
1187 5030 1328 5094 omnibns
1349 5029 1420 5093 eliis
1442 5032 1505 5094 suis
1526 5032 1716 5111 pertinentiis
1739 5029 1922 5111 supradictis
1944 5027 2061 5110 prolate
2083 5027 2241 5130 Alduncie,

404 5145 567 5210 bereddrus
588 5152 618 5208 et
645 5147 807 5228 assignetis
834 5149 898 5210 suis
930 5157 1035 5211 coena
1065 5165 1172 5212 omnes
1198 5158 1304 5231 gentes
1332 5149 1602 5214 warantizabimus
1633 5159 1662 5214 et
1689 5148 1888 5214 defendemus
1921 5151 2154 5230 imperpetuum.
2208 5145 2244 5208 ln

405 5265 491 5329 ruins
519 5265 563 5329 rei
591 5263 797 5330 tetimonium
824 5265 894 5329 buic
920 5268 1054 5344 presenti
1081 5275 1165 5330 carte
1186 5276 1288 5334 nostre
1315 5267 1416 5352 sigilla
1446 5277 1549 5333 nostra
1572 5269 1786 5347 epnmuimus,
1819 5267 1939 5333 Tbcma
1961 5267 2132 5345 Fanconer,
2167 5273 2237 5330 tuuc
