4866 6264
442 555 528 639 146
1199 547 1308 646 luto,
1334 553 1423 648 April
1449 547 1508 622 lt.
1650 659 1658 676 ι

442 849 538 928 regis,
565 851 660 908 tntum
687 849 888 906 tenementum
914 847 1052 904 nostrum
1079 853 1115 902 ae
1141 839 1253 921 layum
1275 839 1461 904 adiacentem
1483 837 1574 904 mmai
1603 853 1671 902 cnm
1700 837 1839 901 omnibus
1868 835 2147 916 commoditatibus,
2177 841 2257 920 aista·

442 963 549 1028 mentis
571 970 601 1025 et
616 961 723 1027 ceteris
744 963 808 1026 suis
828 959 1023 1039 pertinenciis
1039 975 1075 1022 ac
1097 959 1212 1023 tutibus
1233 958 1481 1039 quibuscumque,
1504 957 1647 1037 predictis
1669 963 1837 1022 tenemento
1859 965 1890 1020 ct
1907 957 1989 1038 layo
2009 956 2261 1038 onabteroumque

374 1125 376 1130 ,
441 1081 661 1164 spectantibus,
690 1083 833 1144 situatum
862 1077 893 1142 in
915 1077 1048 1154 venelia,
1078 1083 1183 1142 vocata
1204 1075 1471 1160 Wyadegoselane
1496 1079 1528 1139 in
1556 1075 1701 1158 parocbia
1724 1075 1870 1140 Omnium
1891 1075 2073 1142 Sanctorum
2101 1075 2141 1141 ad
2166 1075 2260 1142 tenum

439 1200 646 1276 londonense,
668 1200 782 1263 scilicet
803 1200 882 1262 inter
901 1203 1102 1261 tenementum
1123 1213 1221 1278 nuper
1241 1195 1445 1260 bartholomei
1466 1195 1626 1278 Frestiyng
1647 1213 1683 1259 en
1704 1203 1793 1278 parte
1812 1193 1961 1274 orientali,
1983 1201 2013 1259 et
2034 1195 2160 1276 layum
2183 1213 2263 1260 voca-
2285 1213 2289 1219 ’

401 1343 404 1350 ·
441 1329 504 1384 tum
516 1315 730 1406 Esterlpapcs
742 1315 841 1384 Helle
863 1333 900 1380 ex
922 1323 1009 1397 parte
1029 1316 1219 1394 occidentali,
1242 1325 1272 1380 ct
1293 1333 1404 1398 aquam
1420 1315 1553 1380 inanes
1572 1333 1609 1379 cu
1630 1323 1718 1396 parte
1739 1315 1876 1393 australi,
1898 1325 1929 1379 et
1948 1321 2154 1378 tenementum
2175 1329 2264 1396 nuper

441 1438 591 1520 iiadnlpbi
614 1437 768 1520 Binkcney
788 1455 825 1501 cx
847 1445 934 1516 parte
955 1435 1142 1516 aquilonari,
1172 1435 1253 1514 poco
1279 1435 1402 1514 quidem
1431 1443 1631 1499 tenementum
1661 1451 1730 1498 cum
1757 1435 1839 1516 layo
1865 1435 2020 1499 adiacente
2042 1441 2073 1496 et
2095 1434 2160 1496 suis
2180 1437 2264 1514 perti-

442 1559 555 1622 nenciis
583 1557 726 1638 predictis
763 1573 818 1620 nos
847 1555 957 1636 prelati
984 1555 1078 1618 abbas
1107 1563 1138 1617 et
1166 1561 1330 1617 conuentus
1366 1569 1464 1634 nuper
1492 1551 1654 1618 babuimus
1679 1553 1767 1618 uobis
1794 1562 1824 1624 et
1849 1551 2078 1617 successoribus
2105 1554 2266 1617 nostrisiu

441 1685 620 1757 perpetuum
643 1693 680 1740 en
698 1674 779 1740 douo
797 1682 826 1739 et
843 1673 1034 1738 ieodameutn
1050 1671 1202 1753 Raduipbi
1218 1671 1345 1750 boteler,
1368 1673 1483 1751 militis,
1506 1689 1605 1752 nuper
1619 1673 1732 1737 domini
1755 1673 1793 1736 de
1808 1669 1940 1754 Sndeiey
1962 1681 1991 1734 ct
2006 1671 2157 1736 lobannis
2173 1671 2267 1736 flenda

442 1797 578 1872 iunioris,
600 1796 753 1878 armigeri,
779 1795 901 1858 licencia
924 1795 1010 1878 regia
1031 1793 1104 1857 inde
1121 1793 1275 1864 babitact
1296 1799 1429 1873 optenta,
1452 1792 1623 1856 babendum
1645 1801 1674 1856 et
1696 1791 1856 1856 tenendum
1878 1793 2047 1872 predictum
2071 1799 2267 1856 tenementum

441 1931 509 1979 eram
531 1916 611 1996 layo
633 1913 798 1992 adiacente,
821 1913 911 1978 simut
934 1930 1002 1977 cum
1023 1914 1163 1977 omnibus
1186 1913 1328 1994 predictis
1350 1911 1623 1990 commoditatibus,
1646 1911 1830 1976 aisiamcutis
1852 1921 1881 1975 et
1902 1913 2010 1974 ceteris
2031 1911 2099 1974 suis
2121 1911 2267 1990 pertinen

440 2037 495 2099 ciis
524 2052 560 2097 ac
586 2034 701 2097 iuribus
723 2034 884 2111 uniuersis,
913 2033 1056 2113 predictis
1083 2027 1252 2096 tenemento
1276 2039 1306 2095 et
1334 2033 1416 2113 layo
1444 2031 1702 2111 matercumuae
1728 2029 1948 2110 spectantibus,
1976 2029 2093 2094 eisdem
2117 2027 2267 2093 Wiilctmo

440 2153 574 2236 lindlcy,
596 2153 726 2216 dobauni
748 2149 907 2232 Guntborp
930 2159 959 2216 et
979 2151 1140 2216 wittetmo
1160 2149 1295 2232 llatciyi,
1325 2150 1488 2214 heredibus
1510 2158 1539 2214 et
1561 2151 1722 2232 assignatis
1744 2150 1806 2214 sris
1829 2148 1867 2212 ad
1889 2165 1974 2213 nsum
1997 2147 2137 2214 eiusdem
2160 2147 2266 2212 domiui

440 2275 537 2356 regis,
560 2271 706 2336 heredum
727 2281 756 2336 et
776 2273 1000 2355 assignatorum
1020 2287 1144 2350 suornm
1166 2273 1415 2349 inperpetuum,
1437 2277 1468 2332 et
1488 2270 1611 2332 ulterius
1632 2269 1840 2332 ordinauimns
1862 2275 1891 2331 et
1912 2269 2128 2332 constituimus
2150 2265 2268 2332 dilectos

440 2393 528 2457 nobis
549 2393 580 2456 in
602 2390 722 2456 Christo
744 2389 908 2456 liebertum
930 2388 1063 2470 Spsyne,
1086 2391 1275 2468 scriptorem.
1318 2387 1357 2452 lit
1373 2387 1530 2470 lingonem
1547 2387 1686 2466 watson,
1709 2388 1920 2468 piscensrinm‚
1943 2389 2023 2452 ciues
2047 2387 2267 2464 londonenses,

441 2519 561 2576 nostros
589 2527 677 2574 seros
705 2517 889 2588 attenuatos,
919 2510 1100 2573 coniunctim
1130 2515 1160 2571 et
1187 2507 1310 2572 dinisim
1338 2506 1377 2571 ad
1404 2507 1629 2571 deliberandam
1660 2523 1717 2588 pao
1738 2507 1826 2571 nobis
1853 2514 1882 2571 et
1903 2507 2135 2572 successoribus
2158 2511 2268 2583 nostris,

430 2629 563 2708 tplenam
584 2639 614 2694 ct
634 2628 791 2708 pacificam
814 2630 956 2694 seisinsm
977 2633 1010 2691 et
1027 2629 1251 2708 possessionem
1274 2628 1312 2691 de
1333 2635 1363 2690 ct
1385 2629 1418 2690 in
1438 2626 1520 2690 dicto
1542 2633 1712 2691 tenemento
1732 2641 1802 2691 cum
1824 2627 1905 2709 kayo
1927 2625 2086 2692 adiacente
2109 2645 2149 2692 ac
2170 2627 2269 2691 ceteris

440 2748 595 2828 premissis
617 2763 686 2810 cnm
707 2749 899 2827 pertinenciis
920 2745 1047 2826 pretatis
1067 2744 1224 2809 Wiilelmo
1246 2745 1374 2828 liadley,
1396 2745 1528 2810 lobanui
1550 2745 1710 2826 Guntbonp
1731 2755 1761 2809 et
1777 2745 1935 2809 wilielmo
1956 2743 2087 2830 llatciyl
2105 2745 2270 2828 babendum

441 2874 470 2930 et
491 2866 652 2932 tenendum
674 2866 748 2945 sibi,
774 2866 935 2931 heredibus
957 2867 993 2944 {et
1020 2867 1183 2948 assignatis
1204 2869 1268 2930 suis
1290 2865 1327 2929 ad
1350 2881 1435 2929 nsntn
1456 2864 1566 2944 pietati
1588 2865 1702 2930 domini
1724 2869 1822 2948 regis,
1851 2875 1881 2930 rt
1902 2866 2078 2946 predictum
2103 2875 2164 2946 est,
2195 2867 2270 2930 iuxta

440 2985 510 3062 uim,
533 2983 663 3049 immam
685 2993 715 3050 et
736 2985 874 3049 moenum
894 2986 1044 3065 presentis
1066 2993 1147 3049 carte
1170 2993 1273 3049 nosne
1294 2986 1326 3048 ia
1347 2995 1543 3066 perpetratum,
1573 2993 1674 3048 ratum
1699 2993 1728 3048 et
1753 2991 1874 3068 gratum
1895 2985 2041 3052 babentes
2067 2995 2098 3051 et
2121 2987 2293 3051 babituros·

441 3109 536 3167 totum
557 3113 586 3168 et
608 3104 751 3184 quicquid
772 3104 842 3168 dicti
865 3106 1009 3167 attornati
1029 3106 1125 3168 nostri
1146 3120 1198 3168 seu
1221 3119 1325 3188 eorum
1347 3104 1424 3167 alter
1445 3106 1567 3168 aomina
1589 3111 1693 3168 nostro
1710 3103 1834 3169 iecerint
1856 3103 1902 3170 vei
1923 3105 2028 3170 iecerit
2048 3110 2086 3169 in
2109 3107 2271 3188 premissis.

440 3222 474 3284 in
495 3223 582 3287 caius
604 3225 648 3286 rei
669 3223 872 3287 testimonium
895 3231 957 3286 tam
978 3223 1111 3306 sigttbrm
1132 3221 1241 3301 prefati
1265 3223 1396 3300 abbatis,
1424 3239 1515 3303 quam
1537 3221 1671 3306 sigilium
1694 3239 1853 3288 commune
1874 3223 2084 3304 predictorum
2108 3227 2229 3291 abbatis
2249 3233 2274 3287 et

440 3350 605 3415 conuentus
627 3343 816 3423 presentibus
837 3349 908 3405 sant
929 3357 1080 3422 appensa,
1109 3341 1243 3405 lieberto
1263 3341 1364 3423 Drope
1386 3351 1459 3406 tunc
1479 3345 1595 3406 maiore
1615 3343 1746 3406 ciuitatis
1768 3341 1993 3422 Londonensis,
2021 3341 2146 3410 Thema
2169 3345 2229 3408 ttitt
2250 3351 2275 3406 ct

439 3454 598 3526 lidmundo
619 3458 700 3526 Sbac
725 3469 796 3524 tuuc
823 3461 1045 3525 vicecomitibus
1073 3461 1218 3537 ciuitatis,
1247 3477 1283 3523 ac
1302 3459 1421 3524 Tboma
1443 3459 1597 3525 Bteotoue
1624 3469 1695 3524 tune
1723 3462 1807 3526 iltius
1828 3463 1933 3526 warde
1954 3463 2173 3529 aldermanno.
2217 3461 2274 3526 iliis
2384 3497 2385 3502 κ

442 3581 585 3646 testibus:
627 3580 782 3644 willelmo
817 3579 951 3661 Boylett,
985 3569 1121 3644 iohanne
1153 3577 1278 3656 Stokes,
1311 3579 1448 3643 dobanue
1479 3579 1619 3658 Wotton‚
1654 3580 1772 3645 Tboma
1800 3581 1933 3662 Drapcr,
1970 3581 2105 3648 Ricatdo
2136 3583 2225 3648 West
2250 3555 2296 3646 ct¹

442 3699 543 3763 multis
564 3699 642 3762 aliis.
688 3698 795 3762 batum
818 3702 852 3761 in
871 3700 1058 3762 monasterio
1077 3706 1183 3761 nostro
1203 3697 1365 3773 antedicto,
1388 3701 1418 3761 iu
1442 3697 1520 3762 festo
1540 3701 1783 3764 annunciaeionis
1806 3701 1893 3764 beate
1914 3699 2009 3765 stacte
2031 3705 2177 3787 uirginis,
2200 3721 2274 3768 anuo
2384 3739 2385 3752 κ

441 3821 526 3900 regni
548 3820 627 3900 regis
649 3815 793 3882 Edwardi
815 3819 914 3896 quarti
935 3826 1005 3897 post
1026 3825 1221 3896 conquestum
1244 3815 1476 3897 quintodecimo.

480 4069 685 4160 CXXIX.
739 4078 795 4157 W.
824 4079 973 4182 Duotcp
1002 4079 1083 4159 suad
1116 4078 1315 4160 Genocaea
1347 4078 1565 4183 bectdtipea
1596 4079 1683 4158 dem
1711 4078 1857 4198 Ktinipe
1886 4082 1947 4162 iba
1979 4083 2236 4165 Gtacndstttclt

814 4231 1008 4336 canday
1037 4240 1079 4312 in
1115 4232 1490 4338 Moesiacos-bunc.
1549 4232 1664 4336 1475,
1695 4231 1809 4338 apost
1831 4233 1894 4313 17.

592 4411 695 4478 Sciant
721 4425 877 4493 presentes
906 4424 935 4479 et
963 4413 1074 4490 futuri,
1096 4414 1176 4494 quod
1200 4431 1271 4492 nos,
1306 4417 1451 4496 magister
1472 4411 1646 4478 Willclmns
1667 4414 1802 4496 liudlcy,
1837 4415 1969 4482 decanus
1998 4421 2121 4499 capelle
2152 4421 2278 4500 hospicii

444 4533 685 4598 excellentissimi
703 4541 733 4596 et
748 4535 987 4599 victoriosissimi
1003 4531 1014 4616 li
1031 4533 1176 4614 principis
1187 4531 1343 4610 Edwardi,
1365 4531 1426 4596 Dei
1439 4533 1543 4615 gracia
1560 4535 1641 4615 regis
1652 4531 1762 4616 Anglie
1779 4535 1943 4600 etFrancie
1959 4546 1988 4600 et
2006 4537 2127 4604 domiui
2139 4541 2281 4606 Hibernia

442 4655 551 4731 quarti,
574 4656 720 4734 magister
734 4651 886 4716 lebannes
903 4650 1073 4731 Guntborp,
1096 4650 1228 4713 decanus
1244 4651 1371 4714 ecclesie
1387 4649 1568 4715 cathedralis
1583 4649 1595 4733 tt
1610 4650 1783 4731 Weliensis,
1807 4663 1835 4718 et
1852 4657 1998 4738 magister
2010 4653 2195 4725 willalmus
2212 4659 2281 4722 llat-

443 4769 516 4850 clyi,
536 4771 717 4835 secretarius
735 4769 846 4850 pretau
862 4771 976 4861 domini
994 4773 1086 4853 regis,
1103 4767 1292 4848 tradidimus,
1312 4771 1480 4834 dimisimus
1498 4779 1528 4833 et
1544 4771 1601 4834 bac
1612 4773 1745 4850 presenti
1764 4781 1847 4836 carta
1864 4783 1967 4839 nostra
1984 4773 2271 4859 confirmauimnsd

443 4887 564 4970 prelato
584 4889 707 4952 domim
730 4891 794 4972 regi
816 4895 914 4952 totum
934 4889 1008 4953 iilud
1030 4895 1234 4953 tenementum
1255 4897 1390 4952 nostrum
1413 4887 1587 4971 (emetiri
1609 4889 1670 4956 ote
1692 4889 1773 4957 oben
1793 4889 1856 4958 No.
1873 4889 1969 4959 CXX
1977 4889 2065 4959 vttt
2082 4917 2166 4964 vom
2182 4893 2283 4964 dabre

444 5003 565 5090 lm,
590 5005 687 5074 didaz
709 5006 778 5091 26,
803 5005 879 5089 dia)
900 5009 982 5088 quod
1003 5010 1123 5088 quidem
1146 5017 1346 5073 tenementum
1376 5024 1444 5072 cum
1473 5009 1554 5090 layo
1582 5009 1736 5074 adiacente
1765 5019 1794 5074 et
1820 5013 1883 5075 suis
1910 5015 2105 5093 pertinenciis
2135 5017 2285 5094 predictis

444 5144 500 5192 uos
522 5124 631 5207 prelati
652 5125 827 5190 willelmus
849 5125 981 5209 bndley,
1003 5127 1156 5192 lobaunes
1178 5127 1337 5208 Guntborp
1358 5135 1388 5190 et
1408 5126 1584 5191 willelmus
1606 5127 1731 5210 liatniyi
1747 5145 1844 5211 nuper
1864 5129 2025 5195 babuimus
2047 5133 2161 5212 nobis,
2198 5135 2286 5198 bere·

444 5246 533 5311 dibus
555 5255 584 5311 et
605 5245 767 5328 assignatis
788 5248 901 5328 nostris
923 5250 1144 5328 imperpetuum
1167 5233 1206 5312 cx'
1225 5247 1307 5312 douo
1328 5255 1358 5310 et
1384 5245 1575 5313 teodamcutc
1597 5245 1761 5327 wilielmi,
1795 5245 1912 5313 abbatis
1941 5253 2070 5331 exempti
2098 5253 2286 5320 monasterii
