4914 6254
380 557 437 638 st
976 631 981 642 ,
1108 553 1217 648 tter,
1244 556 1386 630 vennae
1413 554 1471 628 ιι.

382 849 472 923 parte
494 840 620 905 reddere
641 843 809 914 annuatim,
832 847 865 902 ut
887 837 1091 916 subinfertur;
1113 839 1218 904 habita
1241 841 1327 918 prius
1349 840 1571 904 deliberacione
1594 849 1624 904 et
1646 845 1927 906 communicacione
1947 842 2100 926 diligenti,
2122 849 2223 909 consi·

387 960 553 1038 derataqne
568 958 798 1039 'multiplicitate
821 961 972 1022 rationum
996 964 1026 1022 et
1047 959 1282 1036 evidentiartrm,
1306 966 1367 1021 tam
1390 975 1426 1022 ex
1449 966 1536 1039 parte
1559 975 1638 1034 nna,
1661 975 1752 1038 quam
1775 961 1870 1024 altera
1894 960 2047 1026 laetarum
2071 971 2100 1026 et
2122 972 2223 1028 osten-

387 1095 512 1143 sarum:
535 1078 636 1142 taliter
653 1081 730 1141 inter
748 1093 814 1153 nos,
836 1077 934 1141 dictos
957 1077 1113 1155 maiorem,
1136 1077 1360 1154 aldermannus,
1384 1077 1573 1141 vicecomites
1596 1086 1625 1140 et
1646 1079 1906 1155 communitatem,
1928 1097 1964 1144 ac
1986 1081 2122 1161 prelatos
2144 1099 2223 1146 mer-

380 1205 498 1261 catores
520 1214 577 1278 pro
600 1198 680 1260 bono
702 1199 790 1274 pacis
811 1203 1001 1272 conventum,
1023 1195 1213 1272 conclusum,
1234 1212 1424 1271 concessum,
1447 1195 1662 1259 concordatum
1678 1205 1707 1259 et
1730 1196 1859 1262 tideliter
1880 1207 2130 1278 apponctuatum,
2153 1218 2223 1282 per-

384 1317 485 1402 petuis
508 1315 619 1380 tutoris
643 1316 831 1394 temporibus
854 1313 983 1379 fideliter
1004 1322 1034 1377 et
1054 1313 1182 1378 firmiter
1203 1314 1444 1378 observandum:
1476 1314 1601 1390 scilieet,
1623 1315 1704 1396 qnod
1727 1315 1837 1393 prelati
1859 1325 2042 1381 mercatores
2064 1318 2102 1382 de
2123 1318 2223 1384 llansa

384 1443 413 1500 et
436 1452 542 1499 omnes
564 1435 616 1500 alii
641 1443 825 1498 mercatores
847 1433 885 1497 de
905 1432 1025 1510 llansa,
1056 1437 1107 1512 qni
1137 1434 1324 1513 temporibus
1351 1431 1460 1497 suturis
1489 1442 1577 1497 erunt
1603 1433 1681 1496 iniis
1704 1433 1839 1498 london.
1863 1436 2027 1502 residentes
2054 1446 2085 1501 ιι
2112 1438 2222 1502 dicta·

384 1552 578 1635 Guybaldam
600 1555 789 1632 optinentes,
817 1553 878 1616 sint
899 1555 993 1630 quieti
1016 1568 1120 1616 versus
1141 1550 1278 1631 prelatos
1300 1569 1378 1615 nnnc
1401 1553 1589 1616 vicecomites
1610 1560 1640 1615 et
1662 1569 1853 1618 successores
1875 1571 1946 1619 snos
1973 1555 2011 1619 de
2032 1558 2173 1622 omnibns
2194 1565 2224 1621 et

384 1673 513 1754 singulis
536 1675 683 1736 custumis
704 1673 767 1736 sire
789 1671 1031 1750 prestaciooibus
1053 1669 1246 1749 supradictis,
1269 1689 1306 1734 ac
1327 1671 1418 1734 etiam
1440 1669 1478 1734 de
1500 1671 1641 1734 omnibus
1663 1671 1732 1736 aliis
1748 1675 1893 1737 custumis
1907 1677 2224 1754 siveprestaoionibns

330 1811 334 1826 ¹
384 1793 423 1856 ab
445 1793 490 1856 eis
512 1791 671 1874 exigendis
692 1789 738 1852 vel
761 1790 898 1870 petendis
920 1791 950 1853 in
974 1790 1126 1865 loturum,
1159 1807 1215 1867 pro
1237 1789 1466 1870 quibuscunque
1489 1791 1698 1854 mercimoniis
1728 1799 1757 1854 et
1785 1793 1876 1855 rebus
1899 1809 1954 1873 per
1975 1809 2028 1856 eos
2051 1794 2095 1856 vel
2119 1810 2225 1858 eornm

383 1911 515 1992 aliquem
539 1910 673 1974 emendis
696 1908 741 1972 vel
766 1908 931 1973 vendendis
953 1908 1032 1972 intra
1056 1909 1225 1972 libertatem
1248 1910 1375 1972 civitatis
1396 1908 1548 1988 predicte:
1579 1909 1636 1971 boc
1659 1919 1785 1988 excepto
1806 1909 2017 1988 solummodo,
2047 1912 2128 1992 quod
2152 1913 2225 1978 dicti

385 2039 568 2094 mercatores
590 2038 620 2093 et
641 2045 747 2092 omnes
768 2028 821 2091 alii
843 2035 1029 2090 mercatores
1050 2026 1088 2091 de
1110 2026 1210 2092 llansa
1232 2026 1426 2105 Alemannis,
1460 2032 1513 2106 qui
1542 2028 1729 2108 temporibus
1757 2027 1866 2094 tuturis
1887 2038 1975 2094 ιιιιι
1995 2029 2076 2094 inira
2098 2030 2225 2095 london

384 2147 550 2212 residentes
571 2156 600 2211 et
622 2147 734 2210 dictam
757 2145 962 2226 Gnybaldam,
986 2153 1019 2210 ut
1040 2145 1202 2226 prelertur,
1225 2148 1405 2225 optinentes,
1429 2148 1546 2211 solvent
1568 2155 1597 2211 et
1618 2154 1777 2210 teneantur
1798 2148 1916 2211 solvere
1937 2151 1969 2212 in
1990 2147 2125 2213 littorum
2148 2151 2224 2213 rice·

384 2267 544 2332 comitibus
567 2267 646 2330 dicte
667 2267 796 2330 civitatis
818 2280 875 2344 pro
897 2274 1033 2345 tempore
1056 2267 1267 2342 existentibus,
1294 2282 1352 2345 pro
1374 2267 1522 2330 custumis
1545 2265 1705 2330 cuiuslibet
1730 2263 1797 2352 pole
1820 2267 1866 2330 vel
1887 2265 2008 2330 fardelli
2029 2271 2124 2347 panni
2146 2268 2225 2332 lauei

384 2385 556 2450 aderitum
579 2401 634 2464 per
656 2401 709 2448 eos
732 2384 778 2448 vel
801 2401 906 2448 eorum
929 2383 1061 2462 aliquem
1084 2383 1204 2448 emendi
1226 2382 1305 2448 inira
1329 2385 1496 2448 libertatem
1518 2385 1598 2448 dicte
1619 2386 1747 2448 civitatis
1769 2384 1820 2447 llll
1843 2371 1998 2451 denarios,

538 2503 598 2567 Pro
620 2505 731 2582 quibus
752 2502 874 2582 quidem
897 2505 989 2566 curtis
1012 2502 1148 2567 tenendis
1169 2504 1432 2580 concessionibus,
1461 2503 1757 2580 confirmationibus,
1785 2504 1974 2568 libertatibus
2001 2514 2031 2568 et
2052 2505 2226 2584 acquietar-

385 2623 442 2686 ciis
462 2622 621 2698 habendis,
645 2621 765 2686 utendis
788 2629 816 2684 ιι
839 2620 1026 2698 exercendis,
1049 2622 1139 2685 iidem
1162 2629 1357 2698 mercatores,
1380 2630 1411 2684 ut
1433 2630 1592 2698 asserunt,
1614 2621 1667 2684 xl
1686 2621 1801 2686 solidos
1824 2625 2050 2687 vicecomitibus
2071 2626 2224 2689 annuatim

386 2741 504 2805 soluere
526 2748 758 2805 consueverunt.
802 2738 890 2821 Quos
912 2739 1034 2820 quidem
1055 2738 1107 2803 itt,
1133 2739 1248 2804 solidos
1278 2757 1396 2804 arianos
1423 2739 1516 2804 iidem
1543 2749 1727 2806 mercatores
1757 2741 1924 2806 concedunt
1951 2750 1980 2805 et
2005 2751 2227 2824 recognoscunt

385 2875 444 2940 pro
466 2877 499 2922 se
521 2867 550 2922 et
574 2861 714 2924 omnibns
737 2859 807 2923 aliis
829 2859 1047 2924 mercatoribus
1069 2859 1109 2924 de
1128 2857 1230 2924 llansa
1253 2859 1442 2936 tllemannie,
1463 2862 1514 2938 qui
1537 2861 1726 2938 temporibus
1748 2859 1858 2922 tutoris
1880 2869 1968 2924 erunt
1990 2859 2069 2924 inira
2089 2861 2225 2925 london.

387 2978 552 3042 residentes
574 2987 603 3042 et
624 2979 736 3043 dictam
758 2977 942 3044 Guibaldam
964 2981 1150 3056 optinentes,
1184 2978 1293 3042 debere
1320 2987 1349 3040 ιι
1376 2955 1493 3042 solvere
1521 2976 1647 3055 pretatis
1670 2995 1749 3041 nunc
1771 2979 1996 3043 vicecomitibus
2017 2989 2046 3042 et
2068 2997 2224 3044 successo-

387 3098 476 3162 ribus
495 3099 576 3173 suis,
601 3099 824 3162 vicecomitibus
848 3095 983 3160 bondon.
1005 3096 1136 3178 singulis
1158 3099 1246 3160 annis
1267 3098 1507 3176 imperpetuum,
1531 3096 1669 3160 videlicet
1690 3095 1770 3160 intra
1792 3113 1925 3162 mensem
1947 3099 2073 3178 Aprilis.
2117 3099 2154 3160 lit
2176 3099 2225 3162 ul·

387 3218 479 3280 terius
501 3232 559 3294 pro
581 3217 660 3280 dicto
683 3218 763 3280 bono
785 3217 870 3296 pacis
893 3232 929 3277 ac
952 3215 989 3278 od
1014 3214 1187 3279 babendum
1208 3223 1238 3278 et
1260 3215 1384 3295 pacidee
1404 3215 1600 3298 gaudendum
1622 3216 1763 3279 omnibns
1786 3216 1984 3293 libertatibus,
2007 3218 2181 3296 quietantiis
2194 3225 2224 3280 et

386 3334 634 3398 concessionibus
656 3333 850 3413 supradictis,
874 3332 1041 3396 concedunt
1063 3341 1092 3396 et
1115 3341 1335 3415 recognoscunt
1357 3333 1449 3397 iidem
1471 3341 1655 3398 mercatores
1678 3350 1735 3414 pro
1758 3351 1790 3398 se
1812 3343 1841 3398 et
1862 3336 2002 3399 omnibus
2024 3334 2093 3398 eliis
2113 3352 2227 3398 mercae

385 3455 503 3518 toribus
524 3452 677 3518 dellansa
693 3452 880 3529 Alemannis,
903 3453 955 3532 qui
978 3454 1165 3530 temporibus
1187 3450 1297 3518 tutoris
1318 3457 1406 3520 erunt
1428 3451 1508 3515 infre
1529 3451 1653 3534 Londqn
1676 3452 1843 3517 residentes
1860 3469 1896 3516 ac
1914 3454 2026 3518 dietam
2043 3452 2225 3518 Gnibaldam

386 3573 566 3651 optinentes,
590 3572 628 3634 ad
643 3571 821 3635 solvendum
839 3572 938 3647 nobis,
961 3569 1089 3648 prelatis
1106 3587 1186 3634 nune
1205 3573 1324 3648 maiori,
1343 3579 1372 3634 et
1386 3571 1611 3636 svccessoribus
1627 3572 1746 3647 nostris,
1770 3573 1937 3636 maioribus
1949 3573 2078 3636 civitatis
2090 3571 2225 3635 Londvm.

387 3689 517 3770 singulis
539 3693 626 3754 annis
648 3692 881 3770 imperpetuum,
905 3688 1044 3752 videlieet
1065 3689 1145 3752 inira
1168 3706 1302 3754 mensem
1325 3690 1492 3766 Februarii,
1513 3689 1590 3752 duas
1614 3689 1763 3753 barrellas
1785 3689 1890 3754 allecis
1912 3691 2062 3768 melioris,
2084 3699 2114 3754 ιι
2136 3707 2226 3754 unam

387 3807 551 3870 barrellam
574 3810 739 3890 sturgionis
763 3808 908 3886 melioris,
931 3815 960 3870 ιι
982 3825 1073 3870 unam
1097 3818 1255 3872 centenam
1279 3811 1355 3872 bone
1377 3818 1407 3871 et
1430 3808 1540 3872 munde
1563 3825 1631 3871 cere
1646 3806 1772 3871 Potonie
1788 3809 1835 3872 rel
1851 3810 1985 3874 valorem
1999 3809 2223 3886 eorundem,-

388 3926 536 4002 videlicet,
559 3943 616 4004 pro
640 3923 775 4005 qualibet
797 3926 913 3990 banella
936 3926 1041 3990 allecis
1063 3925 1129 3988 ltttt
1151 3926 1210 3990 sol.
1229 3925 1277 3988 llll
1300 3926 1383 4002 deo,
1406 3935 1439 3988 et
1457 3943 1515 4006 pro
1537 3923 1653 3988 banella
1675 3927 1840 4006 sturgionis
1863 3927 1913 3988 XL
1935 3928 2004 4005 sol,
2028 3934 2059 3990 et
2078 3943 2135 4005 pro
2159 3943 2227 3990 cen·

388 4053 456 4108 tene
478 4061 548 4108 cere
571 4042 621 4108 xl
644 4045 702 4107 sol.
726 4077 766 4088 -
789 4044 827 4108 ad
850 4045 1027 4108 electionem
1057 4044 1207 4108 dictorum
1237 4051 1439 4108 mercatorum
1468 4043 1505 4108 de
1527 4042 1644 4117 ιιιιιι,
1679 4043 1809 4124 singulis
1835 4047 1922 4108 aunis
1952 4044 2030 4109 inira
2059 4047 2227 4124 predictum

388 4179 523 4228 mensem
546 4163 712 4241 Februarii,
735 4172 764 4227 et
785 4163 914 4243 pretatis
936 4182 1016 4228 nuuc
1039 4165 1264 4228 vicecomitibus
1286 4171 1317 4225 et
1339 4147 1566 4226 suecessoribus
1588 4164 1668 4237 suis,
1703 4163 1779 4224 ditas
1801 4163 1878 4226 alias
1899 4163 2073 4228 huiusmodi
2096 4163 2228 4228 barellas

387 4281 491 4346 allecis
514 4291 542 4346 ιι
565 4299 657 4347 unam
681 4282 828 4348 berellam
850 4285 1015 4366 sturgionis
1037 4290 1066 4346 et
1090 4291 1246 4346 centenam
1276 4281 1354 4344 bone
1382 4289 1411 4344 et
1440 4280 1549 4344 menide
1577 4297 1645 4344 cere
1673 4280 1795 4346 l'olonie
1825 4281 1870 4346 vel
1901 4283 2034 4347 valorem
2065 4287 2228 4346 eorvrndem

387 4403 416 4462 in
443 4401 542 4466 torma
564 4401 699 4482 predicta
721 4401 760 4466 ad
782 4403 957 4467 electionem
981 4402 1147 4464 eorundem
1170 4408 1383 4464 mercatorum.
1428 4399 1554 4464 Proviso
1575 4415 1705 4479 semper,
1729 4399 1810 4479 quod
1833 4400 2005 4464 soluciones
2027 4401 2080 4464 ille
2101 4400 2229 4464 fideliter

388 4527 417 4580 et
438 4523 504 4582 sine
526 4519 633 4584 iraode
657 4521 728 4584 liant
750 4521 879 4603 singulis
901 4524 1005 4596 annu,
1029 4518 1109 4583 inira
1133 4519 1285 4600 predictos
1308 4535 1426 4582 menses
1449 4517 1564 4600 Aprilis
1585 4527 1614 4582 et
1636 4516 1803 4580 Februarii.
1848 4517 1885 4580 Et
1908 4521 1937 4582 in
1961 4535 2049 4595 casn,
2072 4534 2134 4598 quo
2156 4519 2228 4582 dicti

388 4638 447 4700 iam
471 4647 655 4702 mercatores
677 4638 715 4702 de
736 4639 836 4702 llansa
859 4637 939 4701 inira
963 4637 1099 4701 bondon.
1124 4637 1305 4714 residentes,
1333 4636 1435 4715 aliquo
1464 4645 1600 4714 tempore
1628 4633 1748 4712 loturo,
1777 4635 1849 4698 dnm
1873 4652 1989 4700 moram
2012 4638 2159 4700 traxerint
2182 4635 2228 4699 vel

389 4753 553 4817 residentes
577 4755 688 4818 luerint
709 4760 740 4818 in
761 4755 912 4834 london,
936 4755 1101 4820 defecerint
1123 4757 1153 4817 in
1177 4755 1303 4833 prelatis
1325 4755 1533 4819 solucionibus
1557 4753 1607 4815 xc
1629 4754 1797 4818 solidorum
1825 4761 1855 4815 et
1884 4753 2085 4817 barrellarum
2113 4755 2227 4830 allecis,

389 4873 554 4952 sturgioois
576 4882 604 4936 et
626 4891 711 4950 core,
738 4872 826 4938 dictis
849 4892 928 4938 nune
952 4878 1060 4939 maiori
1082 4882 1112 4938 et
1133 4873 1362 4936 successoribus
1383 4873 1445 4936 suis
1468 4890 1503 4935 ac
1525 4871 1651 4951 prefatis
1674 4889 1753 4936 nnnc
1776 4870 2001 4934 vicecomitibus
2023 4879 2053 4936 et
2073 4889 2229 4936 suceesso-

368 4989 475 5081 'ribus
495 4993 568 5064 seis,
593 4990 639 5052 vel
664 4993 791 5068 pretinm
814 4992 885 5056 inde
906 4992 945 5056 ad
968 4993 1145 5056 electionem
1168 4992 1319 5054 dictorum
1341 4999 1562 5068 mercatorem,
1587 4989 1666 5053 intra
1690 5005 1807 5054 menses
1830 4989 2036 5066 solucionnm,
2070 4993 2100 5051 in
2129 4988 2229 5052 torma

391 5107 525 5187 predicta
549 5108 707 5184 limitatus,
741 5113 906 5190 separatim
929 5109 1090 5186 iaciendis,
1124 5117 1229 5172 contra
1252 5105 1381 5170 sormam
1405 5107 1567 5172 concordie
1589 5107 1742 5187 predicte,
1773 5107 1855 5186 quod
1877 5115 1986 5172 extunc
2008 5124 2135 5186 presens
2157 5125 2228 5172 con·

389 5226 494 5289 cordia
517 5228 555 5288 sit
578 5241 672 5288 vacua
695 5233 723 5288 et
746 5227 845 5302 nrdla;
870 5228 1005 5305 alioquin
1028 5231 1059 5292 in
1082 5245 1138 5292 suo
1160 5226 1270 5290 robore
1291 5235 1470 5304 permaneat
1490 5236 1519 5292 et
1540 5228 1664 5298 eleeto,
