4998 6256
979 603 1088 698 1391,
1114 603 1297 676 December
1323 599 1356 671 l.
1830 597 1835 676 ἶ
1973 605 2084 710 ,25

251 895 349 961 eidem
370 893 494 959 domino
517 896 589 976 regi.
606 895 723 958 ratione
744 889 902 956 cuiusdam
922 889 1027 954 bobii
1049 905 1153 954 versus
1174 889 1276 966 ipsum
1303 883 1474 949 lobannem
1500 883 1611 950 redditi
1632 895 1775 968 unquam
1805 889 1962 956 lorblacta
1983 893 2091 958 contis·

254 1023 321 1080 cata
343 1013 480 1091 luerunt,
508 1011 682 1076 babendum
705 1010 793 1074 nobis
814 1007 854 1074 ad
875 1008 1037 1073 terminum
1060 1007 1118 1071 rite
1139 1014 1259 1083 nostre,
1288 1012 1380 1084 pmut
1401 1005 1431 1066 in
1453 1001 1542 1068 dictis
1563 1003 1659 1070 literis
1680 1005 1795 1072 domini
1817 1010 1899 1094 regis
1920 1012 2093 1089 patentibus

250 1133 322 1196 inde
344 1133 432 1197 nobis
454 1130 601 1197 coniectis
622 1128 742 1210 plenius
763 1128 948 1205 continetur,
982 1127 1129 1190 noueritis
1150 1140 1206 1188 nos
1227 1141 1265 1190 ex
1286 1139 1371 1187 mera
1393 1121 1547 1187 voluntate
1575 1133 1680 1188 nostra
1708 1142 1744 1190 ac
1771 1127 1980 1207 considerato,
2010 1131 2093 1210 quod

251 1251 365 1338 dictum
387 1250 531 1317 indicium
554 1248 749 1330 postmodnm
771 1263 827 1327 per
847 1245 1004 1309 dominum
1026 1259 1130 1326 regem
1153 1251 1183 1306 et
1203 1243 1439 1322 parliamentum
1459 1257 1550 1306 suurn
1572 1243 1705 1306 totaliter
1725 1243 1919 1324 adnullatur,
1947 1246 2094 1312 liberasse

252 1379 282 1434 et
303 1385 426 1434 sursum
448 1366 618 1432 reddidisse
640 1365 739 1430 eidem
759 1361 890 1430 lobanni
911 1363 1015 1426 omnia
1035 1360 1171 1442 predicta
1194 1367 1363 1426 tenemento
1385 1361 1430 1424 siu
1451 1359 1540 1424 nobis
1561 1377 1618 1439 per
1643 1361 1801 1426 dominnm
1828 1379 1931 1446 regem
1951 1367 2093 1446 superius

257 1503 419 1564 concessa,
449 1493 479 1549 et
500 1493 595 1550 toturn
617 1492 728 1549 statum
750 1485 848 1548 etius
869 1489 1006 1547 nostrum
1034 1483 1064 1544 in
1086 1479 1226 1544 omnbus
1250 1479 1426 1543 tenementis
1447 1477 1590 1558 predictis
1612 1477 1709 1542 eidem
1730 1479 1860 1544 iohanni
1888 1482 2038 1558 dimisisse
2066 1493 2095 1546 et

252 1623 309 1688 per
331 1612 486 1684 presentes
508 1604 739 1684 inperpetuum
762 1601 924 1666 relaxasse
969 1600 1002 1664 ln
1025 1600 1111 1664 euius
1133 1599 1178 1662 rei
1199 1598 1404 1662 testimoninm
1425 1596 1496 1660 hnic
1518 1597 1633 1676 scripio
1660 1606 1766 1662 nostro
1793 1597 1929 1680 sigillum
1956 1609 2094 1666 nostrum

253 1723 379 1788 lecimus
401 1723 526 1803 apponi.
569 1721 678 1785 Datum
702 1719 838 1798 London,
860 1721 892 1783 in
914 1719 1051 1799 hospicio
1074 1726 1188 1794 nostro,
1212 1717 1484 1782 vicesimooctauo
1507 1715 1665 1794 dindimi,
1693 1733 1774 1780 anno
1795 1721 1882 1802 regni
1904 1718 2026 1785 llicardi
2049 1738 2096 1784 se-

255 1837 346 1906 candi
368 1849 439 1922 post
460 1848 656 1919 conquestum
679 1847 787 1919 quarto
810 1837 939 1904 decimo.

256 2095 416 2180 XLIV.
466 2100 591 2206 Kbnip
621 2099 797 2182 iliodord
825 2099 875 2183 ΙΙ.
905 2106 1102 2180 realitcirl
1139 2100 1217 2182 deo
1244 2100 1332 2186 ιιι.
1357 2098 1641 2204 Nortbompton
1669 2102 1789 2202 uides
1820 2103 1884 2184 die
1910 2101 2098 2206 [ιιιιιιφι
2218 2197 2227 2222 ,

511 2252 795 2336 Erbmmloisss
822 2278 953 2357 saepen
982 2252 1308 2336 Hocbocrrotbes.
1370 2249 1486 2353 1391,
1519 2252 1731 2336 December·
1762 2255 1796 2334 1.
1813 2254 1849 2355 ¹)

410 2433 572 2510 limandus,
600 2434 654 2498 bei
676 2437 780 2518 gracia
802 2450 857 2498 rex
878 2432 988 2518 Anglie
1009 2443 1038 2498 et
1060 2433 1185 2498 Francis
1207 2441 1236 2496 et
1253 2432 1399 2496 dominus
1421 2429 1582 2512 llybemie,
1610 2436 1760 2513 omnibus,
1787 2435 1825 2500 ad
1848 2451 1925 2516 quos
1946 2442 2101 2516 presentes

261 2553 347 2616 litere
368 2553 580 2630 peremerint,
607 2552 747 2616 salutem.
791 2551 900 2618 Sciatis
922 2552 1003 2631 quod
1031 2567 1105 2629 nos,
1135 2549 1361 2616 considerantes
1383 2549 1516 2629 dampna
1537 2553 1662 2634 mania,
1696 2553 1850 2617 molestias
1877 2562 1906 2618 at
1933 2553 2101 2633 deperdita,

257 2687 316 2750 que
333 2670 487 2735 lohannes
503 2669 736 2752 Nortbampton‚
759 2671 882 2749 draper,
904 2671 1011 2735 babuit
1032 2679 1062 2734 et
1082 2671 1224 2734 sustinuit
1245 2670 1405 2734 occasione
1426 2667 1607 2733 iudiciorum
1630 2687 1735 2734 remus
1758 2673 1858 2752 ipsum
1880 2673 1961 2754 apud
1975 2671 2103 2755 liedyng

262 2797 292 2850 et
321 2789 428 2852 turrim
459 2797 594 2852 nostram
621 2787 746 2853 London
776 2787 981 2868 redditorum,
1010 2788 1207 2852 accolentes
1235 2803 1293 2866 pro
1322 2787 1513 2854 releuaeione
1539 2797 1636 2856 status
1664 2789 1711 2852 sui
1739 2790 1771 2852 in
1800 2789 1858 2854 bec
1886 2799 1974 2872 parte
2000 2793 2106 2871 proui-

259 2907 347 2986 dere,
380 2907 420 2971 ad
447 2909 682 2986 requisicionem
709 2909 933 2971 communitatis
954 2907 1041 2990 regni
1063 2907 1159 2970 nostri
1181 2904 1290 2988 Anglie
1313 2907 1401 2970 nobis
1422 2907 1455 2970 in
1476 2903 1609 2987 presenti
1634 2906 1838 2986 parliamento
1861 2915 1963 2973 nostro
1993 2908 2104 2974 iactam

260 3025 298 3088 de
320 3027 426 3108 gracia
450 3033 554 3090 nostm
576 3026 713 3106 speciali,
737 3027 766 3090 in
789 3025 882 3105 pleno
903 3027 1027 3092 instanti
1049 3024 1252 3105 parliamento
1270 3033 1388 3103 ιοιιιο,
1410 3025 1450 3090 de
1470 3039 1596 3090 assensn
1618 3026 1716 3090 locius
1738 3007 1948 3106 parliamenti,
1978 3045 2103 3093 reuoca·

261 3159 329 3207 mus
351 3152 381 3209 et
403 3145 433 3206 in
457 3151 519 3207 toto
542 3160 699 3208 cassamus
722 3161 758 3208 ac
780 3147 900 3224 penitus
921 3142 1115 3209 adnullamus
1138 3144 1240 3207 ornnia
1267 3151 1296 3207 et
1314 3143 1444 3227 singula
1472 3143 1584 3208 iudicia
1613 3159 1718 3209 tersus
1745 3146 1846 3224 ipsum
1867 3133 2037 3211 iohannem
2066 3147 2130 3221 ad,

260 3268 373 3326 sectam
395 3269 531 3324 nostram
554 3262 636 3340 apud
658 3262 787 3346 lledyng
808 3273 838 3327 et
859 3265 966 3328 turrim
988 3271 1124 3327 nostram
1148 3259 1274 3331 Londou
1296 3263 1415 3328 reddita
1437 3263 1475 3328 de
1498 3263 1682 3327 omnimodis
1703 3261 1948 3343 prodicionibus,
1971 3264 2104 3341 teloniis,

261 3379 572 3462 transgressionibus,
601 3380 851 3459 mesprisionibus
872 3389 903 3444 et
924 3379 993 3446 aliis
1015 3381 1106 3444 rebus
1128 3381 1380 3460 quibuscumque.
1431 3381 1470 3443 Et
1490 3380 1630 3445 volumus
1653 3388 1683 3443 et
1703 3381 1897 3444 concedimus
1919 3380 1957 3444 de
1979 3398 2105 3446 assensn

260 3497 407 3578 predicto,
431 3497 513 3577 quod
536 3496 616 3562 dieta
638 3497 750 3561 iudicia
772 3496 887 3562 nullam
910 3501 1034 3562 omnino
1057 3499 1134 3575 rim,
1168 3495 1323 3574 effectum,
1357 3500 1497 3562 uirtutem
1525 3514 1578 3562 seu
1602 3497 1736 3561 valorem
1765 3508 1874 3582 gerant
1896 3507 1948 3563 aut
1976 3500 2107 3564 babeant

261 3633 319 3698 pro
341 3615 444 3695 aliquo
468 3622 605 3697 tempore
626 3617 770 3696 preterito
792 3633 846 3680 sen
868 3615 982 3694 laturo,
1005 3631 1060 3680 nec
1081 3616 1164 3694 quod
1185 3615 1266 3678 idern
1287 3615 1442 3680 lebannes
1467 3616 1526 3680 biis
1548 3615 1760 3680 occasionibus
1787 3633 1845 3698 per
1871 3633 1927 3681 nos
1948 3617 1995 3682 vel
2017 3618 2106 3683 bere-

261 3735 316 3799 des
338 3743 459 3799 nostros
480 3749 534 3800 sen
557 3736 711 3800 ministros
733 3743 854 3800 nostms
875 3734 921 3799 vel
944 3734 1090 3799 heredum
1114 3741 1288 3798 nostrorum
1309 3743 1363 3798 aut
1384 3734 1461 3799 alios
1483 3748 1690 3814 quoscumque
1710 3733 1820 3800 brionis
1842 3737 2030 3816 temporibus
2051 3739 2107 3801 im-

263 3862 394 3933 petatur,
417 3855 596 3918 molestetur
616 3856 649 3917 in
671 3854 774 3934 aliquo
797 3869 851 3918 seu
872 3861 1030 3937 gmuctor.
1073 3853 1112 3915 lit
1134 3852 1259 3917 ulterius
1281 3853 1321 3916 ad
1344 3853 1574 3936 requisicionem
1596 3853 1676 3920 dicte
1704 3855 1929 3922 communitatis
1951 3855 1988 3921 de
2010 3856 2109 3940 regali

262 3979 411 4050 potestate
436 3982 466 4036 et
487 3973 632 4056 dignitate
654 3975 767 4038 nosbis
787 3975 819 4037 in
841 3973 933 4054 pleno
955 3973 1089 4051 presenti
1111 3969 1318 4050 parliamento
1336 3979 1458 4048 nostro,
1479 3972 1519 4036 de
1541 3987 1667 4036 assensu
1689 3974 2012 4064 tocius'parliumenti,
2035 3993 2108 4040 con-

263 4089 399 4154 cedimus
421 4091 519 4155 eidem
539 4091 670 4156 lobanni
693 4093 796 4156 omnia
818 4100 898 4155 terre
918 4099 950 4154 et
972 4099 1153 4168 tenementa,
1176 4089 1313 4156 redditus
1335 4099 1363 4154 et
1384 4091 1605 4170 possessiones,
1628 4107 1688 4171 que
1709 4095 1818 4158 rirlnle
1840 4093 2020 4159 iudiciorum
2038 4111 2108 4172 pre·

264 4207 415 4272 dictomm
436 4217 489 4273 aut
511 4209 637 4274 alicuius
660 4226 766 4274 corum
787 4209 953 4287 iorisiecit,
982 4209 1115 4290 perdidit
1136 4209 1184 4273 rel
1206 4211 1321 4287 emisit,
1356 4207 1394 4273 ad
1417 4223 1677 4290 quorumcumque
1697 4227 1808 4277 manns
1829 4214 2005 4277 deucnerint
2027 4221 2056 4276 et
2077 4215 2108 4276 in

266 4341 527 4408 quorumcumque
549 4329 689 4392 manibus
711 4331 856 4407 existant,
880 4328 1012 4394 habendi
1033 4337 1062 4392 et
1084 4328 1206 4392 tenendi
1228 4328 1334 4393 eodem
1356 4327 1459 4407 modo,
1483 4344 1544 4408 quo
1566 4329 1619 4393 illa
1641 4329 1748 4395 babuit
1765 4325 1799 4394 'et
1819 4335 1923 4409 tenuit,
1946 4339 2109 4410 antequam

266 4445 478 4510 occasionibus
500 4445 644 4524 predictis
665 4455 773 4528 captus
794 4446 853 4510 init
873 4447 920 4510 rel
942 4447 1143 4524 anacbialus,
1159 4421 1213 4512 ..ec
1227 4446 1516 4511 sicucittababere
1546 4457 1575 4512 et
1603 4457 1704 4513 tenere
1732 4447 1902 4526 debuisset,
1936 4451 1963 4513 si
1990 4449 2133 4544 nullum.

265 4562 410 4628 iudicium
433 4581 537 4630 versus
559 4579 627 4628 eum
649 4563 801 4629 redditum
823 4567 980 4631 extitisset.
1024 4563 1257 4632 concedimus
1249 4583 1374 4646 insuper
1395 4567 1426 4630 in
1448 4565 1540 4648 pleno
1562 4569 1695 4647 presenti
1717 4566 1920 4648 parliamento
1933 4575 2048 4644 nostro,
2072 4566 2110 4632 de

268 4697 393 4747 assensu
418 4683 551 4749 eiusdem
574 4684 786 4764 parliamenti,
815 4682 913 4748 eidem
935 4683 1082 4762 lobanni,
1111 4685 1224 4765 quod'
1215 4703 1281 4767 rpse
1302 4687 1411 4749 virtute
1433 4687 1498 4750 siue
1519 4687 1679 4749 occasione
1700 4683 1882 4749 indiciorum
1903 4685 2109 4765 predictorum

267 4802 314 4864 rel
337 4803 468 4868 alieuius
488 4802 653 4868 eorundem
675 4819 736 4913 non
759 4803 867 4882 perdat
888 4817 944 4866 ιιι
966 4803 1104 4914 admittat
1126 4817 1251 4881 nomen,
1273 4787 1459 4924 bonorem,
1480 4805 1647 4882 actionem,
1677 4806 1742 4884 ius,
1772 4781 2065 4888 recuperationem
2054 4821 2110 4869 nec

426 5041 455 5104 ¹)
478 5039 539 5092 bas
558 5043 636 5104 einer
648 5041 787 5094 bbscbrbt
809 5042 856 5094 ιιι
872 4977 1046 5105 Pammene·
1073 5043 1138 5092 bra
1146 4989 1338 5094 ιιιιιιιιιιιι
1350 5042 1499 5094 mistorum
1515 4979 1687 5104 patiacum
1683 5044 1710 5094 ιι
1729 5045 1795 5095 tnrri
1812 5029 1978 5096 bbbdlnensl
1997 5058 2024 5108 p.
2033 5041 2111 5096 nitu

271 5119 410 5188 submoue
440 5123 596 5178 ll-Rleardi
614 5139 685 5178 anno
705 5123 869 5179 linesi
883 5127 1030 5178 beroentis
1044 5125 1207 5178 indiciorum
1226 5127 1356 5180 adsersus
1374 5125 1525 5178 Jcbtnnem
1543 5127 1577 5177 de
1594 5123 1788 5190 Nortbampton
1807 5129 1840 5179 de
1858 5117 1987 5192 bordon,
2006 5113 2111 5192 drc'per,

270 5207 414 5262 Ricardum
432 5209 563 5288 blorbnrp
581 5219 691 5273 mercar,
709 5216 735 5262 et
752 5209 903 5262 Iohannem
917 5211 1004 5275 uoce,
1022 5221 1133 5272 macer,
1151 5211 1315 5264 redditorem
1334 5213 1406 5277 epod
1424 5211 1543 5302 ltedlnpe
1560 5217 1588 5302 et
1604 5213 1676 5276 tpnd
1696 5209 1795 5264 tntrlrn
1800 5209 1920 5308 beliden
1934 5219 1960 5264 ct
1977 5211 2111 5264 restitutio

272 5302 363 5341 eornm
382 5290 415 5342 ad
434 5292 523 5344 omnia
541 5304 600 5357 aar,
619 5299 713 5358 terres,
732 5299 891 5361 tenemento,
911 5295 981 5347 botta
1000 5298 1027 5345 et
1044 5293 1147 5345 catalla
1458 5315 1460 5324 v
1777 5324 1780 5330 .
1873 5307 1884 5328 ··

340 5423 504 5492 Abtbeilnng
518 5427 552 5478 ll.
1893 5433 1910 5484 Δ
