4998 6256
716 532 827 628 2222,
851 535 924 606 sunt
950 533 985 604 2.
1018 573 1069 583 -
1105 531 1214 626 2222,
1242 534 1331 628 sper
1347 531 1417 614 22.
1448 568 1500 582 -
1532 529 1642 624 2222,
1668 531 1852 604 oceane
1878 529 1938 602 22.
1988 461 1995 486 ’

683 839 759 921 Vl.
806 839 887 920 022
916 841 1063 946 11222292
1092 840 1246 920 1212222222
1276 839 1594 920 connectentes
1626 862 1678 919 on
1709 840 1771 920 2122
1804 837 1955 920 Onne.

1138 992 1262 1096 1202,
1294 994 1388 1074 dont
1410 991 1447 1072 d.
1477 989 1512 1094 ¹)

557 1175 621 1242 2122
643 1185 699 1242 222.
721 1177 838 1242 ciuibus
861 1174 1093 1243 coloniensibus
1115 1185 1173 1240 etc.
1217 1174 1326 1241 Grates
1348 1175 1434 1242 robis
1456 1173 1615 1248 referimus
1636 1173 1821 1254 multiplices
1843 1189 1937 1255 super
1958 1173 2074 1238 bonore
2096 1174 2243 1254 elbonis,

405 1313 464 1377 oue
485 1296 594 1362 dilecto
616 1298 719 1378 nepoti
742 1304 845 1361 nostro
869 1293 978 1372 Oloni,
1008 1295 1073 1377 regi
1095 1295 1316 1372 Romanorum,
1346 1295 1470 1360 domino
1492 1301 1606 1370 uestro,
1629 1291 1754 1372 22222212.
1798 1292 1953 1376 Rogamus
1974 1309 2027 1358 222
2049 1293 2192 1357 attentius
2215 1300 2246 1356 22

404 1419 447 1482 ita
466 1416 594 1482 22222222.
638 1415 676 1481 lit
692 1416 807 1492 sciatis,
828 1414 910 1494 quod
929 1413 984 1478 [lei
1003 1416 1106 1497 gracia
1123 1420 1307 1494 cooperante
1330 1415 1458 1478 instato
1481 1411 1534 1476 tali
1557 1411 1649 1494 positi
1670 1426 1794 1488 sumus,
1816 1411 1897 1490 quod
1919 1412 2045 1482 sibene
2066 1427 2244 1478 succurrere

404 1551 578 1615 possumus.
623 1534 711 1597 Teste
734 1535 880 1612 meipso,
903 1533 984 1614 apud
1006 1532 1129 1596 Pontem
1153 1530 1272 1608 2221222,
1295 1531 1345 1595 tv.
1369 1531 1417 1595 die
1438 1531 1534 1595 lonii.

487 1791 585 1876 222
631 1767 947 1875 maecenates
978 1793 1051 1874 aee
1078 1792 1224 1898 nempe
1254 1793 1409 1882 aecana
1441 1817 1493 1872 ae
1523 1792 1587 1874 22
1620 1789 1761 1874 cene
1790 1791 1871 1872 222
1900 1791 2162 1896 necarem

888 1947 993 2027 ane
1024 1946 1268 2052 cantepia.
1331 1944 1452 2046 2222,
1484 1944 1598 2050 apsa
1627 1944 1685 2022 11.
1718 1941 1756 2045 α2

558 2127 622 2192 Rex
644 2137 701 2194 etc.
725 2129 842 2194 ciuibus
860 2128 898 2192 de
916 2127 1044 2194 Colonia
1066 2136 1123 2192 222.
1169 2125 1278 2194 Grates
1301 2127 1385 2192 uobis
1407 2125 1567 2192 referimus
1589 2124 1773 2206 multiplices
1794 2142 1886 2206 snper
1908 2125 2034 2204 1222222,
2058 2127 2244 2204 2222222222,

405 2247 519 2311 auxilio
548 2254 577 2310 22
606 2248 694 2312 bonis
720 2247 843 2312 domine
873 2249 938 2329 regi
961 2245 1094 2323 Othoni,
1122 2247 1224 2327 nepoti
1246 2253 1368 2322 nostro,
1398 2246 1525 2310 anobis
1552 2244 1690 2323 collatis,
1720 2252 1850 2308 uestram
1879 2244 2074 2310 dileccionem
2102 2247 2245 2309 attentius

403 2373 564 2448 rogantes,
587 2367 729 2446 quatinus
752 2382 830 2448 opus
851 2365 1026 2430 dileccionis
1048 2374 1078 2429 22
1099 2365 1255 2445 obsequii,
1278 2363 1358 2444 qnod
1381 2379 1454 2446 erga
1474 2379 1542 2428 enm
1565 2363 1641 2428 adeo
1664 2363 1740 2428 bene
1761 2365 1932 2444 incepistis,
1954 2363 1993 2428 od
2016 2364 2153 2430 ellectum
2175 2381 2246 2444 per-

404 2483 515 2550 ducere
535 2483 682 2548 studeatis
705 2491 858 2565 optatum,
886 2491 915 2552 ct
937 2484 975 2548 ad
997 2483 1078 2547 bunc
1101 2498 1253 2564 summum
1275 2482 1422 2548 bonorem
1445 2481 1706 2562 consequendum,
1736 2499 1825 2562 quem
1847 2481 1911 2548 Deo
1933 2491 2084 2548 annuente
2104 2486 2136 2548 in
2158 2484 2244 2548 breui

256 2583 259 2589 ’
321 2691 322 2696 ¹
405 2605 596 2668 consecuturi
618 2618 734 2679 sumus,
756 2604 784 2665 22
806 2604 848 2666 ita
867 2602 990 2666 uiriliter
1011 2609 1040 2666 22
1056 2601 1219 2668 2012222222
1237 2602 1384 2668 auxilinm
1406 2609 1436 2666 22
1453 2601 1613 2668 eonsilium
1629 2599 1821 2683 impendatis,
1844 2610 1874 2664 22
1890 2620 1927 2666 ex
1944 2603 2008 2667 eius
2026 2603 2245 2668 sublimacionc

405 2722 511 2784 merite
532 2721 662 2804 gloriam
685 2721 827 2800 consequi
850 2721 996 2786 debeatis.
1041 2720 1181 2801 Amplius
1203 2723 1284 2786 onim
1307 2729 1406 2786 222222
1429 2720 1513 2786 cedet
1534 2721 1659 2798 honori,
1687 2722 1713 2784 si
1735 2739 1791 2802 per
1813 2738 1866 2785 vos
1888 2723 1953 2786 eins
1975 2721 2133 2800 promocio
2155 2722 2245 2786 tinem

404 2840 531 2904 sortitur
552 2847 704 2919 optatum,
733 2840 884 2918 aquibus
907 2841 998 2906 totius
1020 2838 1141 2906 lortnnc
1163 2842 1228 2906 eius
1250 2842 1344 2905 series
1366 2848 1395 2905 22
1416 2857 1579 2921 processus
1607 2841 1738 2922 sumpsit
1759 2842 1888 2905 initium.
1932 2840 1996 2904 Nos
2017 2848 2117 2905 autem
2141 2857 2194 2904 uos
2216 2848 2245 2904 et

404 2973 511 3024 omues
532 2976 582 3022 res
604 2968 634 3024 22
656 2961 864 3039 possessiones
887 2967 1003 3024 vestras
1025 2962 1055 3024 in
1079 2959 1246 3024 custodiam
1269 2967 1298 3024 et
1320 2961 1537 3039 protectionem
1559 2965 1695 3024 nostram
1718 2961 1916 3038 suscepimus,
1938 2959 2024 3024 vobis
2045 2959 2245 3026 concedentes

405 3076 535 3142 liberum
557 3079 729 3160 ingressum
746 3087 776 3141 22
793 3095 965 3161 regressum
983 3087 1013 3144 et
1029 3080 1191 3144 transitum
1212 3095 1269 3159 per
1284 3079 1459 3144 uniuersum
1479 3085 1589 3142 terram
1606 3084 1752 3156 nostram,
1775 3095 1965 3158 quocumque
1981 3079 2067 3144 robis
2083 3079 2245 3160 placuerit,

404 3211 473 3259 cnm
495 3196 636 3260 omnibus
658 3195 877 3260 merchandlsis
900 3199 1023 3274 uestris3
1049 3197 1145 3262 saluis
1168 3206 1269 3262 tamen
1289 3197 1376 3261 nobis
1398 3196 1507 3262 debitis
1529 3206 1558 3260 et
1579 3198 1711 3276 annonis
1733 3195 2001 3262 consuetudinibus
2024 3199 2145 3275 nostris,
2168 3213 2245 3277 quas

404 3320 610 3379 antecessores
633 3317 724 3380 222222
743 3322 772 3377 22
788 3331 841 3380 222
859 3324 995 3395 tempore
1011 3324 1237 3382 antecessorum
1256 3325 1441 3396 nosnomm,
1463 3333 1570 3398 regum
1585 3315 1706 3400 anglie,
1728 3315 1843 3380 12222212
1861 3323 1890 3379 22
1911 3313 2011 3380 iacere
2033 3317 2243 3384 consueuistis.

403 3431 493 3496 Teste
514 3439 572 3497 etc.
616 3432 705 3512 apud
728 3432 927 3512 wintoniam,
950 3434 1001 3498 122.
1024 3435 1073 3499 die
1095 3434 1220 3517 Aprilis.

706 3690 823 3772 vtlt.
872 3694 952 3772 022
981 3692 1128 3798 11222292
1158 3694 1314 3774 1222222
1345 3693 1686 3798 Scbutsbn'essltr
1717 3694 1781 3772 2122
1814 3691 1964 3824 02212222.

1062 3846 1185 3947 1202,
1218 3846 1431 3927 December
1455 3849 1519 3928 25.
1549 3845 1586 3947 ³)

556 4023 720 4103 dolrannes,
740 4025 793 4090 Dei
810 4028 908 4110 gratia
920 4026 985 4091 llex
996 4026 1136 4110 angliae,
1154 4027 1295 4092 omnibus
1307 4026 1346 4090 ad
1363 4026 1444 4107 quod
1464 4035 1619 4108 presentes
1638 4027 1742 4091 literae
1753 4029 1944 4108 pervenerint
1955 4028 2096 4093 salntem.
2124 4027 2243 4106 Sciatis,

406 4142 489 4223 quod
512 4142 651 4207 dedimus
672 4143 830 4208 licenciam
852 4145 1024 4210 bominibus
1046 4143 1182 4222 Colonie,
1205 4145 1287 4225 quod
1310 4145 1398 4210 saluo
1420 4154 1450 4208 et
1470 4162 1576 4209 secure
1599 4147 1719 4208 veniant
1741 4154 1771 4208 et
1792 4145 1917 4210 redeant
1938 4164 1994 4225 per
2015 4155 2108 4211 totam
2133 4156 2242 4211 terram

405 4270 540 4327 nostram
562 4262 670 4346 Anglie
699 4278 767 4325 cum
799 4264 875 4328 vinis
904 4271 933 4327 et
955 4264 1022 4328 aliis
1052 4263 1272 4328 merobandisis
1301 4265 1383 4341 suis,
1413 4262 1553 4328 iaciendo
1583 4264 1651 4327 inde
1679 4271 1777 4328 rectas
1799 4275 1829 4328 22
1856 4265 1973 4330 debitas
2001 4265 2243 4342 consuetudines,
2275 4313 2279 4329 .

403 4381 548 4459 quamdin
570 4381 630 4458 ipsi
653 4379 764 4444 inerint
786 4381 817 4443 in
839 4378 982 4446 fidelitate
1003 4388 1034 4445 et
1055 4381 1113 4446 ilde
1135 4380 1226 4464 Regis
1248 4379 1390 4459 02122222,
1414 4383 1532 4462 nepotis
1555 4385 1660 4447 222222.
1704 4383 1794 4446 Teste
1815 4399 1864 4446 me
1886 4385 1964 4465 ipse,
1987 4383 2069 4464 apud
2091 4383 2243 4447 112221222-

403 4499 513 4584 binam,
536 4497 630 4563 XXV.
653 4498 701 4561 die
724 4498 908 4577 Decembris,
932 4516 1011 4562 anno
1033 4502 1122 4584 regni
1144 4501 1241 4564 nostri
1263 4508 1360 4564 sento.
1437 4505 1446 4518 “

404 4649 701 4663 Ἥ

405 4835 440 4890 W
468 4835 479 4886 t
537 4749 585 4887 υῑ)
613 4750 672 4805 Ans
696 4755 747 4806 den
766 4755 872 4807 Rotnlls
892 4755 1027 4806 literarum
1051 4755 1197 4817 petentium
1224 4756 1264 4807 cd.
1290 4757 1336 4806 Tb.
1355 4755 1540 4821 maffnorcp.
1563 4753 1633 4806 ’1.1.
1659 4769 1684 4818 p.
1701 4754 1729 4808 ll
1747 4757 1773 4808 b.
1809 4757 1941 4809 Eritntsrt
1962 4755 2005 4808 1222
2029 4756 2179 4820 Sudcndors
2202 4755 2244 4807 dle

442 4836 530 4888 clen—
563 4838 693 4889 rltnnden.
721 4837 748 4890 S·
765 4837 789 4890 5.

559 4935 583 5002 ²)
610 4938 669 4990 Ans
688 4938 739 4991 don
756 4940 863 4994 12222112
883 4941 1017 4995 1122222222
1036 4943 1183 5007 pannulum
1207 4944 1248 4995 ed.
1267 4944 1313 4994 Tb.
1329 4943 1397 5010 Duff
1409 4944 1514 5007 Hordp.
1538 4943 1568 4994 Τ.
1584 4943 1605 4992 1.
1625 4954 1652 5005 p.
1668 4939 1736 4998 202.
1771 4945 1865 5007 ltpmer
1882 4941 2000 4994 Foedera
2025 4939 2079 4994 nod
2098 4940 2248 5005 Sndondors

404 5025 503 5072 2212222
523 5019 597 5072 dlcso
616 5021 741 5076 Urlnnde
760 5025 823 5088 lrrlg
840 5039 899 5078 rnrn
918 5027 998 5079 121222
1019 5025 1093 5080 lton.
1130 5025 1248 5093 Hellupt
1264 5025 1387 5092 Vopcgcs
1412 5029 1457 5079 bct
1479 5029 1517 5078 sle
1542 5028 1590 5078 rnlt
1608 5029 1668 5080 dem
1687 5029 1801 5080 22222222
1828 5026 1899 5090 epod
1918 5027 2097 5078 Portcsmotb.
2123 5025 2183 5077 Xll.
2201 5026 2243 5077 dic

402 5104 490 5169 Aput.
525 5105 595 5156 12222
613 5105 764 5171 (2221222222
782 5121 824 5160 cm
847 5107 885 5162 13.
900 5110 980 5176 April
998 5127 1029 5164 zu
1048 5112 1218 5165 winchester
1235 5123 1297 5176 2222,
1316 5111 1463 5174 bcstttlgen
1482 5111 1572 5164 1222212
1592 5111 1758 5164 chartarum.
1776 5126 1803 5174 p.
1820 5108 1877 5164 125.

559 5204 586 5272 ³)
613 5203 672 5277 Ans
692 5210 738 5260 Tb.
757 5211 824 5277 neap
839 5213 932 5278 Hordp
949 5215 1055 5268 Rutulls
1074 5215 1208 5268 1122222222
1228 5214 1385 5278 pauonum.
1405 5213 1436 5264 Τ.
1452 5215 1471 5264 l.
1491 5225 1517 5275 p.
1532 5212 1592 5268 482
1611 5215 1665 5266 und
1685 5215 1834 5277 Sodandors
1850 5212 1878 5263 S.
1894 5210 1937 5266 du.

1122 5383 1129 5424 1
