4998 6256
1157 551 1280 682 uam,
1307 593 1424 664 renue
1449 589 1507 662 lt,

572 877 757 944 biereatores
778 875 816 940 de
837 889 933 958 regno
955 871 1126 952 dionesie,
1159 873 1305 942 babentes
1325 875 1451 942 demum
1473 877 1505 942 in
1526 877 1645 940 ciuitate
1666 875 1821 956 predicta,
1849 893 1913 957 lone
1935 877 2091 947 Gitdballa
2115 877 2258 942 Teutoni·

418 1015 524 1064 corum
547 997 714 1080 vulgariter
734 1001 936 1076 nuncupatur,
958 994 1134 1058 summoniti
1155 991 1280 1058 luerunt
1300 995 1339 1060 ad
1362 995 1607 1077 respondentium
1628 995 1753 1060 domim
1775 997 1891 1079 regite
1905 997 2018 1076 placito
2037 1014 2099 1076 ono
2116 1005 2257 1062 manto

418 1116 552 1182 clamant
572 1117 686 1182 babere
707 1114 764 1178 bas
786 1115 956 1190 libertates,
991 1111 1072 1191 quod
1095 1111 1237 1178 ominus
1259 1130 1313 1176 rex
1335 1122 1527 1179 manuteneat
1549 1130 1605 1180 eos
1623 1115 1783 1178 universos
1803 1122 1833 1178 et
1853 1115 1991 1198 singulos
2013 1124 2112 1180 seruet
2134 1133 2190 1196 per
2212 1124 2258 1180 to·
2300 1119 2306 1130 '

419 1244 483 1300 tum
505 1251 632 1319 regnem
654 1251 743 1300 suum
764 1236 795 1297 in
818 1234 959 1298 omnibus
981 1231 1171 1296 libertatibus
1192 1241 1223 1296 et
1243 1231 1348 1296 liberis
1369 1232 1654 1311 mnseetudiniboe,
1678 1234 1788 1312 ambos
1810 1235 1867 1314 ipsi
1891 1236 1973 1316 repis
1994 1252 2073 1300 nnnc
2094 1243 2125 1300 et
2145 1251 2258 1318 proge-

418 1358 550 1420 nitorum
572 1371 699 1418 saonem
721 1352 909 1432 temporibus
931 1351 979 1414 mi
999 1349 1123 1416 luerunt
1143 1359 1172 1414 et
1194 1351 1307 1433 garini,
1343 1359 1373 1414 et
1394 1349 1477 1430 pund
1499 1353 1583 1432 ipsos
1604 1359 1690 1418 extra
1712 1352 1885 1418 huiusmodi
1906 1353 2060 1418 libertates
2089 1361 2118 1418 et
2145 1353 2258 1419 liberas

416 1473 649 1540 consuetudines
671 1488 731 1536 non
755 1471 871 1547 trabat,
904 1487 977 1545 nec,
1011 1477 1157 1548 quantum
1180 1469 1210 1530 in
1232 1470 1301 1548 ipso
1323 1477 1385 1546 est,
1421 1469 1501 1534 trabi
1530 1471 1684 1550 permittat
1710 1471 1774 1536 uilo
1804 1472 1905 1538 medo·
1949 1472 1986 1534 Et
2006 1471 2089 1550 quod
2116 1473 2175 1552 ipsi
2204 1479 2257 1536 aut

417 1607 609 1658 successores
631 1591 799 1672 predictam
821 1588 945 1655 domum
967 1587 1099 1652 babituri
1121 1589 1344 1668 imperpetuum
1366 1586 1445 1652 inlra
1468 1604 1597 1672 regnum
1620 1597 1649 1652 et
1671 1597 1849 1669 potestatem
1873 1591 1953 1672 regis
1964 1599 2016 1654 aut
2029 1591 2159 1654 aliorum
2176 1592 2255 1655 bona

417 1729 470 1777 eeu
493 1711 688 1775 momoria
710 1708 790 1772 inira
812 1707 893 1772 idem
914 1721 1042 1791 regnum
1065 1715 1095 1770 at
1117 1713 1295 1788 potestatem
1316 1723 1375 1787 pro
1396 1707 1500 1786 aliquo
1521 1707 1633 1785 debito,
1657 1707 1695 1774 de
1715 1722 1778 1787 pro
1798 1707 2058 1774 ddeinsscresaut
2071 1710 2256 1789 principales

417 1832 569 1896 debitores
591 1847 657 1912 noa,
673 1829 837 1906 eruerint,
857 1844 913 1898 uec
934 1841 992 1910 pro
1014 1827 1075 1890 alia
1098 1827 1338 1908 transgressione
1360 1825 1439 1892 lecta
1461 1844 1515 1894 seu
1537 1825 1676 1905 iacienda
1700 1845 1754 1909 per
1776 1828 1863 1906 alios,
1885 1843 1977 1908 qoem
2000 1845 2055 1910 per
2076 1829 2170 1912 ipsos,
2194 1843 2255 1892 non

308 1995 311 2000 -
418 1957 588 2014 arestentur
609 1964 664 2014 nec
686 1955 860 2032 graventur.
875 1946 911 2026 ¹)
955 1945 993 2008 Et
1020 1945 1102 2024 quod
1131 1945 1274 2010 dominus
1301 1961 1353 2012 rer
1381 1953 1412 2008 et
1442 1944 1569 2014 heredes
1598 1949 1646 2010 sui
1668 1963 1761 2032 super
1787 1949 1871 2028 ipsos
1900 1953 1952 2010 ant
1979 1963 2087 2032 eorum
2106 1948 2186 2011 bona
2209 1946 2256 2010 vel

418 2070 614 2133 mercimonia
637 2075 806 2131 custumem
830 2080 937 2129 noram
961 2062 1124 2126 indebitam
1148 2079 1208 2126 non
1231 2072 1347 2144 ponant
1368 2070 1424 2128 ele.
1629 2034 1632 2045 ”
1734 2037 1737 2044 ⁴
1954 2047 1958 2059 ’

570 2187 607 2250 Et
629 2184 757 2267 predicti
779 2165 962 2248 mercatores
984 2184 1107 2245 veniunt
1128 2190 1159 2244 et
1180 2180 1293 2258 dicunt,
1316 2171 1398 2262 qnod
1421 2181 1561 2246 dominus
1583 2175 1729 2246 ilenrieus
1752 2185 1912 2257 ronanus
1934 2183 2049 2247 domini
2072 2187 2152 2265 regis
2168 2199 2256 2260 nunc,

415 2323 471 2386 per
492 2305 609 2370 litteras
630 2320 702 2370 sues
723 2309 862 2384 patentes
884 2303 1033 2367 concessit
1053 2299 1167 2364 &dem
1190 2300 1410 2365 mercatoribus
1432 2309 1508 2378 etc,
1539 2301 1622 2381 quod
1640 2317 1695 2366 eos
1718 2305 1875 2366 universos
1897 2309 1927 2366 et
1955 2302 2093 2384 singerico
2120 2309 2256 2365 manute-

418 2433 502 2490 neret
523 2433 553 2488 et
573 2430 708 2488 servunt
730 2439 787 2503 por
808 2429 903 2485 totam
925 2435 1055 2502 regnum
1077 2435 1165 2484 suum
1196 2421 1227 2482 in
1254 2421 1397 2484 omnibus
1421 2418 1536 2484 eisdem
1563 2419 1755 2484 libertatibus
1784 2429 1814 2484 et
1842 2419 1948 2486 liberis
1976 2419 2255 2498 consuetudinibus,

416 2543 526 2623 ombus
547 2545 607 2624 ipsi
628 2544 692 2606 suls
714 2548 743 2604 et
765 2541 996 2623 progenitorum
1017 2552 1145 2600 suorum
1166 2537 1353 2616 temporibus
1374 2539 1424 2600 osi
1445 2536 1569 2602 luerunt
1594 2547 1623 2601 et
1649 2541 1762 2620 gavisi,
1796 2541 1941 2618 ipsosque
1966 2546 2051 2606 extra
2081 2537 2256 2606 buiusmodi

416 2660 571 2724 libertates
591 2668 622 2723 et
642 2660 754 2724 litteras
777 2656 1010 2722 eonsuetudines
1032 2670 1093 2718 oon
1116 2655 1250 2722 creberet
1272 2673 1327 2720 nec
1348 2656 1435 2750 trebi
1465 2659 1651 2736 permitteret
1677 2673 1800 2738 quoquo
1829 2657 1931 2722 modo.
1946 2657 1983 2736 ⁹]
2027 2658 2064 2722 Et
2090 2657 2172 2738 oum
2201 2656 2257 2722 do·

416 2782 517 2844 minus
539 2777 720 2854 Edwardus,
743 2777 898 2856 quondam
920 2791 974 2838 ren
995 2772 1123 2856 buglis,
1146 2781 1234 2854 pater
1254 2774 1368 2838 domini
1389 2774 1553 2852 Edwardi,
1576 2778 1657 2858 regis
1680 2792 1774 2855 nnnc,
1798 2780 1935 2858 anacim
1958 2776 2043 2842 iilam
2065 2781 2255 2874 continuatus,

412 2865 511 2962 ‘coluit
532 2899 616 2976 ipsos
638 2904 822 2960 mercatores
844 2895 1033 2958 manuteneri
1054 2902 1085 2958 et
1106 2897 1222 2958 serrari
1242 2897 1272 2956 in
1295 2895 1437 2958 omnibus
1457 2894 1570 2958 eisdem
1594 2893 1785 2960 libertatibus
1805 2903 1835 2958 et
1862 2895 1966 2960 liberie
1988 2895 2256 2961 conruemdinibts

415 3015 570 3099 predictis,
593 3014 868 3092 coneedendoeis,
897 3011 980 3092 quod
1002 3013 1086 3091 ipsos
1108 3019 1195 3076 exoa
1217 3012 1391 3078 huiusmodi
1414 3013 1569 3078 libertates
1591 3022 1620 3076 at
1643 3013 1755 3082 liberas
1774 3013 2092 3089 consuetudinesaon
2115 3014 2256 3090 treberet,

414 3151 480 3214 nec,
504 3142 649 3213 quantum
672 3137 705 3197 in
725 3137 794 3213 ipso
816 3140 874 3210 est,
896 3130 974 3194 trebi
996 3134 1183 3211 permitteret
1206 3130 1269 3194 ullo
1292 3131 1398 3196 modo.
1412 3134 1448 3211 ³)
1493 3133 1530 3194 Et
1552 3132 1634 3211 quod
1656 3131 1799 3196 mmor
1819 3147 1875 3196 rex
1895 3149 1976 3198 neno
1992 3133 2186 3211 postmodum
2201 3149 2257 3212 pra

413 3250 532 3318 litteras
552 3271 624 3318 oras
646 3261 784 3334 patentes
798 3252 835 3331 ⁴)
857 3267 914 3333 pro
937 3267 989 3328 eo,
1017 3249 1097 3330 quod
1121 3249 1200 3313 dicte
1222 3250 1320 3314 littere
1343 3249 1456 3314 domini
1478 3249 1624 3315 Edwardi
1648 3253 1730 3333 ῳ
1750 3253 1847 3332 patris
1868 3259 1925 3316 etc.
1949 3252 1988 3318 de
2009 3251 2171 3320 berebboe
2193 3255 2256 3316 suis

414 3387 474 3436 non
497 3370 648 3436 iaciebant
670 3373 874 3448 mencionem,
897 3387 953 3452 per
974 3368 1056 3449 qood
1079 3367 1120 3432 ad
1140 3371 1290 3447 premissa
1314 3369 1427 3432 eisdem
1450 3369 1673 3438 mercatoribus
1693 3370 1882 3434 meream
1905 3387 1965 3436 non
1988 3373 2162 3447 tenebatur,
2184 3387 2256 3436 cou-

413 3493 503 3556 ceesit
524 3491 744 3556 mercatoribus
766 3489 804 3554 de
826 3503 921 3572 regno
942 3487 1101 3584 alemanie
1121 3504 1179 3566 pro
1202 3505 1236 3552 se
1256 3496 1286 3551 et
1308 3487 1470 3556 beredibus
1492 3491 1570 3566 suls,
1597 3487 1681 3568 quod
1699 3491 1760 3568 ipsi
1782 3496 1967 3554 memores
1989 3493 2122 3556 oniensi
2143 3497 2174 3554 et
2194 3492 2256 3552 sin·

414 3607 479 3690 guli
500 3616 531 3670 et
550 3625 658 3672 eornm
679 3625 880 3685 successores,
904 3606 1029 3672 domum
1049 3606 1219 3686 predictam
1241 3609 1272 3670 in
1295 3609 1414 3672 civitate
1435 3605 1573 3686 predicta
1595 3606 1746 3684 babituri,
1780 3609 1811 3670 in
1832 3608 1974 3674 omnibus
1996 3608 2111 3672 eisdem
2133 3607 2255 3672 liberte·

415 3727 496 3790 bbus
517 3734 546 3788 et
568 3727 672 3790 liberis
693 3725 980 3803 consuetudinibus,
1002 3725 1114 3804 mribus
1136 3728 1196 3806 ipsi
1220 3735 1404 3790 mercatores
1425 3729 1489 3790 suis
1510 3733 1541 3789 et
1561 3725 1689 3804 predicti
1712 3728 1809 3804 patris
1831 3728 1878 3790 sui
1900 3724 2091 3792 beatiorum
2113 3727 2253 3807 progeni·

414 3851 514 3908 torum
536 3861 660 3911 suorum
684 3846 873 3925 temoribus
894 3848 942 3908 usi
964 3852 1034 3908 suot
1057 3852 1085 3907 et
1107 3847 1215 3927 gavisi,
1238 3841 1492 3908 manuteneantnr
1513 3847 1736 3924 imperpetuum
1759 3852 1791 3912 et
1810 3853 1983 3923 serrantur,
2015 3853 2046 3910 et
2066 3845 2148 3925 qood
2170 3849 2255 3924 ipsos

413 3970 597 4026 mercatores
619 3969 704 4025 extra
727 3962 901 4026 huiusmodi
924 3962 1079 4026 libertates
1102 3971 1131 4026 et
1152 3963 1267 4026 liberas
1289 3963 1523 4028 consuetudines
1545 3979 1605 4027 non
1628 3961 1770 4041 emeret,
1793 3979 1866 4040 nec,
1888 3969 2033 4044 emtum
2056 3967 2086 4027 in
2108 3967 2176 4044 ipso
2198 3971 2254 4041 ast,

415 4081 493 4144 trabi
515 4080 689 4159 aliqualiter
710 4083 906 4159 permitteret.
952 4079 988 4144 Et
1009 4081 1131 4161 dicunt,
1166 4080 1249 4161 quod
1271 4080 1350 4145 idem
1373 4079 1514 4144 dominus
1542 4098 1596 4144 rex
1618 4098 1698 4145 nunc
1725 4083 1854 4160 septimo
1877 4081 1926 4146 die
1955 4081 2143 4159 Decembris,
2173 4099 2254 4146 anno

413 4204 499 4283 regni
522 4203 569 4264 sui
593 4197 765 4276 undecimo,
778 4196 814 4276 ⁵)
838 4199 942 4263 volens
965 4193 1092 4278 prelatis
1113 4197 1335 4264 mercatoribus
1356 4202 1493 4282 grauiam
1516 4197 1617 4263 iacere
1639 4199 1830 4280 ampliorem,
1854 4205 2002 4264 maressii
2024 4205 2068 4266 eis
2089 4216 2149 4280 pro
2170 4217 2204 4265 ee
2226 4210 2255 4264 et

412 4319 575 4384 heredibus
604 4322 668 4383 suis
700 4327 730 4382 et
756 4325 840 4382 carta
868 4334 923 4382 sua
947 4319 1154 4398 penituerit,
1187 4318 1269 4399 qnod
1299 4321 1359 4398 ipat
1386 4327 1415 4382 et
1443 4333 1551 4386 ecem
1569 4333 1763 4386 succensores
1786 4317 1952 4399 predictam
1975 4319 2098 4385 domum
2121 4319 2254 4384 babituri

412 4441 645 4520 imperpetuum,
667 4437 747 4503 inira
768 4451 896 4524 regnum
919 4445 949 4500 et
969 4445 1148 4518 potestatem
1171 4442 1267 4520 ipsius
1289 4442 1371 4522 regis
1393 4437 1543 4518 baberent
1559 4438 1724 4520 libertates,
1746 4437 1885 4504 videlieet
1906 4440 1987 4518 quod
2003 4441 2062 4520 ipsi
2077 4447 2130 4505 aut
2148 4454 2253 4502 eorum

412 4559 491 4623 bona
513 4575 566 4624 seu
588 4543 787 4631 mercimonia
810 4553 890 4622 inlra
912 4555 992 4620 idem
1014 4572 1141 4640 regnum
1163 4566 1216 4621 ant
1240 4565 1421 4636 potestatem
1450 4573 1508 4638 pro
1537 4557 1641 4636 aliquo
1671 4557 1789 4636 debito,
1822 4557 1862 4626 de
1889 4574 1950 4636 ouo
1977 4557 2174 4629 fideiussores
2200 4573 2254 4624 seu

569 4863 593 4928 ¹)
620 4863 675 4915 Fiir
692 4875 758 4926 pena
769 4863 889 4927 Enpirnd
908 4863 945 4914 ist
963 4863 1052 4915 dieses
1066 4863 1150 4915 Reebt
1168 4865 1193 4915 ln
1212 4865 1273 4916 dem
1293 4877 1344 4916 ons
1364 4863 1512 4916 bekannten
1524 4863 1693 4926 Pririleplom
1713 4871 1769 4915 eret
1786 4867 1812 4916 tn
1827 4865 1888 4916 dem
1904 4865 1952 4915 des
1966 4865 2083 4928 uenires
2096 4864 2207 4917 tideard
2218 4863 2253 4914 11.

413 4941 690 5008 rubescentem,
709 4949 934 5012 enspesproebem
953 4947 1001 4998 mit
1019 4949 1116 4999 dassen
1130 4947 1242 5002 werten
1261 4949 1310 5000 des
1322 4947 1545 5012 Verberpebende
1563 4947 1618 4998 und
1637 4949 1685 4998 der
1703 4949 1797 5000 ababa
1813 4949 1937 5012 ldeende
1956 4949 2016 5000 sete
2034 4949 2150 5001 edrtlteb
2169 4949 2253 5000 iiber-

337 5027 339 5032 ’
412 5029 591 5080 εὴιιιωιιεη.
625 5029 676 5081 Eia
697 5031 848 5094 lbntiebes,
868 5031 965 5092 iedoob
986 5031 1203 5084 besebrtntteres
1221 5032 1392 5096 Prtrlleglom
1416 5033 1487 5084 batte
1505 5033 1591 5096 libate
1609 5031 1699 5096 fleury
1717 5033 1765 5084 ttt.
1789 5032 1824 5083 lm
1842 5029 1921 5083 labne
1941 5029 2005 5086 1167
2029 5033 2081 5085 den
2099 5033 2252 5085 Liibeetern

410 5113 530 5176 ertbellte
548 5113 663 5176 eenteer
675 5115 840 5174 bescbrtnit,
853 5115 921 5168 doeb
935 5130 986 5169 nnr
998 5117 1040 5168 liir
1052 5118 1111 5168 eloe
1125 5115 1202 5169 Stetit
1215 5117 1300 5168 findet
1311 5127 1341 5168 ee
1355 5116 1411 5168 eleb
1425 5116 1496 5168 obeo
1512 5118 1538 5169 tn
1553 5117 1604 5169 ilo.
1614 5115 1716 5170 mv
1734 5117 1860 5168 ereibnt.
1934 5115 1960 5181 ²)
1979 5116 2006 5168 s.
2018 5117 2068 5168 dte
2082 5115 2252 5181 l’rlrtleglem

409 5197 498 5261 nante
515 5197 604 5260 lirare
622 5194 670 5248 111.
691 5195 765 5262 itai,
783 5199 846 5250 Jnnl
868 5197 907 5253 lb.
935 5269 940 5274 Ι
1140 5199 1167 5264 ³)
1194 5201 1221 5252 S·
1241 5201 1290 5253 deo
1307 5199 1475 5265 Prtrlieplum
1495 5201 1583 5265 boote
1600 5199 1711 5254 Ednerd
1729 5203 1751 5251 1.
1768 5213 1830 5253 rom
1847 5200 1927 5252 inbre
1948 5197 2022 5262 tter,
2041 5199 2191 5254 November
2210 5197 2250 5252 18.
2315 5193 2318 5200 ⁴

413 5281 439 5346 ⁴)
467 5282 535 5334 vom
552 5281 632 5332 trbre
653 5277 727 5345 ttlt,
742 5283 842 5334 lennes
859 5279 885 5335 7.
1041 5284 1069 5350 ⁶)
1094 5285 1189 5338 itieeee
1206 5286 1243 5336 ist
1260 5285 1308 5336 dee
1328 5284 1398 5337 oben
1416 5285 1543 5348 pedtcbu
1561 5287 1730 5350 i‘rtrileeturn
1748 5298 1808 5338 mm
1824 5284 1907 5338 deire
1924 5281 2000 5344 tuti,
2017 5285 2167 5338 December
2183 5281 2208 5336 7.
