4998 6256
1029 595 1139 692 1421,
1165 599 1252 670 Mira
1275 595 1310 667 4.
2030 598 2087 681 49

252 899 372 967 semper
392 885 550 950 retrcmtis
572 883 759 966 temporibus
780 881 900 948 soluere
921 891 1154 962 consueuerunt,
1177 890 1232 948 etc.
1266 881 1304 944 lit
1324 881 1383 944 boc
1404 879 1496 944 iidem
1513 882 1702 946 vicecomites
1723 883 1822 968 parati
1844 887 1916 946 sunt
1936 879 2091 946 vendeure

252 1011 310 1068 etc.
353 1003 391 1066 llt
416 1003 543 1084 predicti
565 1010 748 1066 mercatores
769 999 982 1081 protestando,
1012 1001 1092 1080 quod
1120 1011 1180 1065 non
1204 1006 1393 1084 cognoscunt
1420 999 1522 1078 aliqua
1544 1015 1601 1079 per
1621 1000 1719 1064 dictos
1741 1001 1931 1065 vicecomites
1953 1003 2091 1082 superius

254 1122 402 1206 allegata,
425 1121 545 1198 dicunt,
575 1121 657 1200 quod
679 1121 737 1202 ipsi
759 1136 814 1185 nec
836 1118 1066 1200 predecessores
1089 1122 1151 1198 sui,
1182 1125 1364 1184 mercatores
1387 1115 1425 1181 de
1446 1115 1547 1182 Hense
1577 1125 1605 1182 et
1631 1119 1723 1183 domo
1750 1119 1885 1198 predicta
1912 1120 1944 1182 iu
1966 1118 2091 1183 london

253 1243 429 1317 existentes,
463 1239 614 1320 aliquibus
645 1239 871 1303 vicecomitibus
903 1237 1049 1303 hactenus
1083 1245 1237 1303 custumes
1265 1236 1417 1317 predictas
1446 1235 1493 1299 vel
1522 1251 1626 1300 earum
1656 1235 1789 1315 aliquam
1819 1253 1873 1301 scu
1900 1237 2003 1318 aliqua
2029 1237 2090 1302 alia

255 1359 400 1435 subsidia,
422 1359 628 1439 prestaciones
645 1358 691 1421 rel
714 1373 807 1422 onera
825 1373 886 1420 non
904 1356 1070 1435 sciuerunt,
1092 1357 1145 1421 sed
1167 1355 1237 1420 inde
1259 1356 1392 1420 totaliter
1412 1369 1533 1432 semper
1554 1357 1648 1434 quieti
1669 1354 1808 1434 luerunt,
1840 1372 1998 1437 quousque
2018 1357 2092 1420 dicti

254 1495 335 1543 nunc
358 1479 546 1541 vicecomites
568 1494 605 1540 ex
627 1476 736 1540 iniuria
758 1492 813 1540 sua
835 1475 975 1558 propria,
1003 1482 1107 1539 contra
1141 1484 1275 1539 tenorem
1304 1481 1457 1538 cartarum
1489 1481 1518 1536 et
1544 1475 1820 1553 composicionum,
1855 1483 1885 1538 rt
1911 1472 2088 1553 predicitur,

257 1603 422 1672 costumas,
445 1594 592 1672 subsidia,
620 1597 827 1672 prestuciones
850 1601 878 1656 et
900 1609 992 1656 onera
1014 1593 1150 1674 predicta
1173 1608 1266 1671 super
1286 1592 1383 1656 dictos
1404 1597 1588 1655 mercatores
1611 1607 1646 1655 ac
1668 1592 1748 1655 bona
1769 1600 1799 1655 et
1820 1593 2016 1657 mercimonia
2038 1609 2094 1656 scta

256 1715 377 1777 nouiter
396 1721 426 1775 et
447 1713 579 1776 indebite
599 1714 713 1791 imponi
736 1709 846 1788 iecere,
869 1718 926 1774 etc.
971 1709 1009 1774 lit
1030 1711 1088 1774 boe
1111 1711 1169 1791 ipsi
1192 1717 1375 1773 mercatores
1397 1709 1498 1788 parati
1519 1717 1589 1772 sunt
1610 1710 1775 1787 verificare,
1800 1716 1830 1774 et
1846 1711 1885 1774 de
1898 1710 1957 1775 boc
1976 1719 2095 1790 ponunt

257 1849 290 1896 se
311 1847 406 1911 super
426 1831 553 1894 recorda
576 1831 724 1894 librorum
746 1832 777 1896 in
801 1830 988 1894 thesauraria
1011 1836 1041 1892 et
1063 1843 1183 1892 camera
1206 1825 1358 1892 Guibalde
1378 1826 1457 1890 dicte
1478 1828 1610 1892 ciuitatis
1632 1829 1834 1906 existentium,
1858 1837 1915 1893 etc.
1962 1829 2000 1894 llt
2021 1831 2095 1893 dicti

257 1951 447 2013 vicecomites
468 1949 616 2025 similiter,
640 1957 696 2012 etc.

411 2067 548 2148 Desuper
567 2066 637 2144 bec,
660 2069 732 2146 quia
753 2068 826 2130 visis
847 2069 933 2146 prins
955 2075 983 2130 ct
1007 2066 1168 2130 intellectis
1190 2064 1319 2130 diuersis
1342 2065 1428 2128 libris
1451 2073 1481 2128 et
1503 2064 1638 2128 recordls
1661 2065 1691 2128 in
1715 2065 1903 2129 thesauraria
1925 2075 1955 2130 et
1976 2081 2097 2129 camera

258 2187 448 2268 predicta1]
471 2186 584 2250 babilis
605 2195 634 2250 et
656 2185 744 2250 iactis
766 2187 797 2248 in
821 2184 878 2248 bac
899 2194 998 2264 parte,
1021 2191 1209 2263 compertum
1232 2192 1278 2246 est
1299 2183 1388 2247 dictis
1410 2185 1519 2246 maiori
1541 2193 1576 2247 et·
1592 2182 1818 2262 aldermannus,
1841 2183 1923 2263 quod
1933 2183 2006 2248 dicti
2020 2201 2098 2248 mer-

259 2313 377 2370 catores
399 2307 437 2368 ab
459 2305 600 2370 omnibus
622 2304 796 2370 huiusmodi
819 2304 1102 2381 consuetudinibus,
1126 2304 1286 2380 custumis,
1310 2303 1561 2381 prestationibns,
1584 2302 1727 2366 subsidiis
1756 2309 1786 2366 et
1814 2302 1957 2366 oneribus
1979 2319 2099 2383 semper

127 2407 129 2412 ’
259 2427 352 2505 quieti
373 2423 496 2487 luerunt
518 2431 547 2486 et
568 2424 723 2487 exonerati
744 2431 817 2500 etc,
848 2430 877 2486 et
898 2423 980 2504 qnod
1002 2429 1138 2488 cnstnme
1159 2421 1294 2500 predicte
1321 2422 1439 2485 nouiter
1459 2429 1496 2502 get
1517 2420 1648 2484 indebite
1674 2437 1768 2500 super
1797 2423 1880 2501 ipsos
1903 2429 2098 2492 mercatores,

259 2551 288 2607 et
309 2545 389 2606 bona
412 2557 448 2604 nc
471 2541 667 2605 mercimonia
689 2557 744 2604 sua
767 2549 871 2606 contra
894 2551 1012 2607 tenores
1035 2547 1186 2604 cartarum
1208 2547 1238 2602 et
1260 2540 1494 2619 composicionis
1517 2555 1553 2604 ac
1569 2539 1740 2603 libertatum
1752 2551 1876 2602 suarum
1892 2537 2098 2619 predictarum

261 2663 402 2740 imposito
424 2660 555 2736 inerunt,
579 2659 697 2738 iocor)
720 2677 775 2741 per
795 2661 893 2725 dictos
914 2662 1060 2725 maiorem
1082 2667 1111 2722 et
1133 2656 1346 2722 aldermannos
1369 2657 1592 2723 consideratum
1614 2665 1660 2721 cst
1681 2657 1793 2722 adtunc
1815 2665 1846 2720 ct
1866 2656 1989 2736 ibidem,
2016 2657 2098 2737 quod

262 2780 334 2844 dicti
356 2788 550 2858 mercatores,
574 2782 733 2844 occasione
753 2779 889 2858 predicte
911 2787 1057 2856 custume,
1080 2778 1291 2857 prosinconis,
1320 2777 1446 2842 subsidii
1457 2777 1494 2857 ³)
1516 2787 1546 2841 et
1567 2793 1694 2841 onerum
1715 2791 1975 2857 quorumcumque
1996 2792 2101 2840 versus

262 2900 359 2963 dictos
382 2901 570 2963 vicecomites
592 2907 622 2962 et
642 2915 835 2990 successores
857 2913 929 2962 suos
959 2897 1083 2961 omnino
1110 2897 1170 2960 sint
1196 2897 1289 2976 quieti
1318 2904 1346 2959 et
1373 2897 1493 2977 penitus
1521 2897 1692 2972 exonerati,
1726 2899 1791 2960 iure
1818 2895 1933 2959 domini
1963 2897 2045 2977 regis
2072 2903 2101 2958 et

261 3017 391 3082 aliorum
413 3033 673 3097 quorumcumque
694 3033 816 3096 semper
837 3015 936 3081 saluo.

416 3135 449 3198 ln
471 3137 556 3200 cuins
578 3135 701 3215 quidem
723 3136 1009 3216 exemplifleacionis
1033 3137 1239 3199 testimonium
1268 3135 1363 3198 nostri
1386 3137 1552 3200 maioratns
1579 3133 1714 3216 sigillum
1741 3134 1932 3214 presentibus
1960 3133 2102 3198 duximus

264 3251 487 3334 apponendum.
530 3251 682 3332 Scriptum
696 3255 832 3332 London,
855 3255 992 3335 predicto
1012 3255 1155 3318 vicesimo
1177 3253 1309 3317 secundo
1332 3252 1380 3317 die
1393 3254 1505 3318 mensis
1516 3252 1668 3329 Octobris,
1691 3269 1772 3316 anno
1787 3253 1873 3335 regni
1888 3251 2102 3334 regisllenrici

264 3373 361 3449 quinti
383 3379 452 3453 post
473 3380 671 3451 conquestum
694 3379 789 3436 serto.
804 3373 841 3450 ⁴]

265 3593 446 3676 nxvtt.
493 3597 709 3699 Aldtencic,
759 3598 909 3679 Willvoe
946 3598 1019 3678 des
1048 3598 1211 3704 Kcopere
1246 3599 1411 3680 lbomca
1441 3597 1627 3698 Ferrcrs,
1671 3598 1883 3700 bestdlipet
1923 3595 1986 3675 die
2018 3594 2104 3673 dem

361 3748 407 3828 R.
439 3747 644 3830 Bokclccd
671 3750 754 3830 und
786 3751 987 3831 Gessacem
1016 3752 1259 3856 pcecbcbecc
1295 3751 1584 3856 Uedcrlrcqccq
1617 3749 1688 3830 des
1721 3748 2015 3828 Groodslltcltcc

774 3910 815 3984 ire
853 3903 1070 4010 Wyrrdcpoe
1098 3903 1217 3984 boec.
1279 3903 1393 4005 1421,
1425 3903 1534 3984 Mers
1556 3904 1594 3983 d.

417 4080 567 4147 Omnibus
574 4081 686 4148 Cbristi
698 4083 846 4163 fidelibus,
859 4085 897 4149 ad
910 4100 987 4164 quos
998 4102 1125 4165 presens
1133 4088 1278 4166 scriptum
1285 4087 1465 4166 peruenerit,
1478 4067 1638 4162 blduncia,
1651 4082 2104 4165 nuperrxorTbomeFicrrers,

267 4204 426 4283 armigeri,
457 4203 595 4266 salutern.
638 4199 717 4266 Cum
739 4219 811 4280 nos,
842 4205 971 4282 predicti
993 4202 1129 4270 Tbomas
1151 4213 1181 4268 et
1205 4204 1364 4281 ildoncia,
1388 4220 1486 4284 nuper
1506 4219 1562 4284 per
1584 4211 1699 4267 certam
1721 4211 1868 4280 nostram,
1892 4200 1903 4284 ΙΙ
1931 4203 2017 4266 cnius
2036 4201 2106 4264 data

268 4327 314 4382 est
336 4319 489 4396 bondon,
512 4327 619 4399 quarto
642 4320 691 4384 die
712 4325 825 4388 mensis
845 4322 943 4400 lunii,
972 4339 1052 4387 anno
1073 4325 1159 4406 regni
1182 4322 1274 4406 ttegrs
1296 4322 1416 4386 ilenrici
1440 4325 1538 4402 quinti
1558 4331 1629 4402 post
1651 4329 1848 4402 conquestum
1870 4323 1993 4400 quinto,
2017 4317 2107 4382 dede·
2182 4371 2184 4378 ,

270 4441 382 4514 munus,
412 4439 651 4502 concesserimus
678 4447 707 4502 et
729 4439 1011 4504 confirmauerimus
1033 4442 1164 4506 llicardo
1186 4441 1358 4520 Bokeland,
1387 4443 1444 4504 ciui
1473 4437 1484 4524 ll
1510 4449 1539 4504 et
1561 4443 1732 4521 pisccuario
1753 4437 1906 4515 london,
1937 4444 1966 4501 et
1986 4437 2106 4519 llogero

268 4555 417 4638 Tvvylord
439 4573 475 4620 ac
497 4555 616 4620 cuidam
639 4554 794 4620 Willclmo
816 4557 930 4636 Olden,
962 4562 1023 4623 iam
1046 4560 1202 4639 defuncto,
1232 4569 1327 4625 totum
1351 4556 1427 4623 illud
1451 4567 1649 4624 tenementum
1673 4566 1807 4622 nostrum
1831 4573 1898 4619 cum
1921 4557 2001 4637 layo
2024 4556 2108 4619 adia-

270 4685 372 4754 cente,
400 4675 491 4739 simul
513 4691 581 4738 cum
605 4675 745 4739 omnibus
766 4675 835 4740 aliis
857 4677 1139 4756 commoditatibus,
1168 4683 1179 4761 ΙΙ
1212 4681 1399 4744 aisiamentis
1421 4687 1450 4742 et
1477 4678 1686 4759 pertinenciis,
1722 4675 1866 4755 predictis
1889 4681 2056 4738 tenemento
2079 4683 2109 4738 et

270 4795 351 4875 layo
374 4795 634 4874 qualitercumque
655 4795 885 4874 pcrtinentibus,
909 4796 1026 4860 situatis
1048 4799 1078 4859 in
1098 4797 1226 4876 tenella,
1250 4804 1355 4861 vocata
1372 4795 1631 4880 Wyndegoslane,
1654 4797 1684 4857 in
1705 4793 1852 4874 parocbia
1869 4791 2013 4857 Omnium
2030 4791 2106 4858 Sen-

271 4920 389 4976 ciorum
411 4914 449 4977 ad
473 4912 574 4978 lenum
591 4912 739 4990 london,
761 4915 840 4977 inter
855 4922 1054 4978 tenementum
1079 4931 1176 4994 nuper
1189 4915 1392 4979 bartholomei
1407 4914 1581 4995 Fircstlyng
1602 4930 1638 4975 ex
1661 4923 1747 4994 parte
1770 4912 1921 4989 orientali,
1944 4921 1973 4976 et
1996 4913 2108 4993 layum

431 5197 454 5262 ¹)
482 5199 619 5252 rescietis.
656 5201 751 5254 flcmb.
919 5202 944 5267 ²)
972 5201 1056 5254 aueo.
1094 5204 1188 5254 Hamb.
1237 5167 1239 5172 Ι
1355 5201 1381 5267 ³)
1409 5203 1587 5254 Prediclnrnm
1606 5209 1797 5264 cnstnmarcm,
1816 5201 2023 5265 prestecionum,
2042 5201 2111 5251 acb·

274 5282 412 5333 sldlorcm.
447 5283 542 5335 Homo.
699 5285 725 5353 ⁴)
754 5289 783 5339 ln
802 5289 879 5340 cuins
896 5311 931 5326 ·-
949 5295 1032 5340 serto.
1067 5289 1318 5352 rontemnere.

344 5416 505 5482 Abtbcilcng
520 5420 553 5470 11.
1892 5419 1907 5473 7
