4914 6254
969 535 1078 632 roos,
1105 535 1334 612 necesses.
2005 539 2060 622 97

239 826 363 906 equales
383 827 543 908 porciones
565 824 736 908 (videlieet,
758 823 797 888 ad
819 823 976 904 quodlibet
997 822 1106 890 lestum
1135 825 1258 910 triginta
1286 829 1316 886 et
1343 823 1476 902 quinquo
1503 821 1656 903 solidos)
1685 826 1814 892 durante
1843 834 1907 891 toto
1936 825 2063 890 termino

238 945 429 1027 supradictn3
452 953 543 1028 prout
563 946 595 1008 iu
616 945 697 1009 diota
718 943 877 1008 indentura
899 944 967 1008 indo
988 942 1123 1007 conlecta
1145 941 1265 1023 plenius
1287 941 1466 1006 continetur.

389 1065 529 1129 Preterea
550 1080 632 1142 tero,
654 1079 723 1128 cum
743 1061 896 1144 predictus
916 1061 1069 1126 lebannes
1091 1061 1282 1144 Reynewell,
1310 1077 1348 1124 ex
1366 1076 1447 1139 puro
1469 1075 1572 1124 amore
1593 1069 1622 1125 et
1643 1079 1753 1146 magna
1775 1064 1964 1142 confidentia,
1988 1062 2064 1130 leol-

236 1183 344 1250 lauerit
364 1181 564 1249 Willielmum
587 1180 732 1260 Cumbes,
755 1181 955 1247 willielmum
975 1179 1148 1260 Abrabam,
1176 1179 1344 1244 iohannem
1366 1177 1505 1258 nempe,
1533 1177 1700 1244 lobauoem
1725 1181 1867 1260 Colston‚
1895 1181 2062 1248 lobannem

237 1303 363 1386 Gpllard
385 1311 414 1368 et
435 1304 502 1381 me',
525 1301 675 1383 prelatum
697 1301 900 1366 willielmum
921 1299 1067 1378 Staliord,
1101 1302 1179 1364 iuter
1200 1300 1277 1376 alia,
1310 1299 1342 1362 in
1363 1297 1503 1362 omnibus
1526 1300 1612 1364 terris
1635 1308 1664 1364 et
1686 1305 1863 1366 tenementis
1884 1303 1964 1380 suis,
1994 1317 2063 1366 curn

236 1423 383 1500 wburuis,
405 1420 555 1499 domibus,
578 1420 795 1499 mansionibus,
817 1418 932 1498 sbopis,
955 1418 1085 1495 celeriis,
1110 1418 1231 1483 solariis
1253 1425 1282 1480 et
1303 1417 1443 1480 omnibns
1465 1417 1532 1482 aliis
1555 1434 1660 1483 eorum
1682 1420 1798 1484 iuribus
1821 1428 1849 1484 et
1871 1422 2064 1500 pertinenciis

235 1542 472 1622 quibuscunque,
489 1557 547 1620 que
559 1539 665 1604 babuit
680 1541 711 1603 in
727 1539 880 1618 parochiis
895 1542 992 1602 seneli
1007 1536 1181 1617 Botbulpbi,
1199 1537 1286 1601 beate
1297 1537 1392 1600 blarie
1403 1544 1463 1600 atte
1479 1537 1533 1602 bill
1545 1556 1642 1620 prope
1653 1539 1887 1624 Billyngesgatc,
1910 1537 2064 1608 Omnium

235 1656 430 1726 Sanctorum
452 1657 497 1724 ud
516 1657 627 1742 senum
648 1656 684 1724 io
705 1655 821 1724 acardo
851 1655 890 1724 do
912 1653 1093 1744 Douepnta‚
1126 1660 1221 1721 saneti
1249 1654 1368 1720 Andree
1398 1673 1490 1737 super
1517 1654 1672 1723 Coroebill
1702 1661 1831 1725 ciuitatis
1860 1659 2014 1739 Londou.,
2036 1667 2065 1726 et

234 1778 306 1844 alibi
328 1779 359 1841 in
382 1777 487 1842 eadem
508 1779 644 1855 ciuitate;
684 1776 853 1840 bobcudum
874 1786 905 1840 et
926 1774 1085 1842 tenendum
1116 1775 1221 1854 nobis,
1256 1775 1416 1840 heredibus
1444 1785 1473 1840 et
1501 1749 1662 1859 assignatis
1689 1780 1799 1842 nostris
1829 1782 2062 1860 imperpetuum,

233 1905 326 1978 prout
345 1912 402 1976 per
423 1895 574 1976 quandam
596 1904 721 1972 cartam,
745 1895 854 1960 lectam
876 1905 905 1960 et
925 1896 1116 1960 irrotulatam
1137 1897 1169 1958 in
1189 1895 1339 1978 bustengo
1361 1892 1497 1958 Londou.
1520 1894 1557 1960 dc
1579 1896 1699 1975 placitis
1721 1905 1888 1976 terrarum,
1911 1906 1993 1962 tento
2015 1899 2064 1963 dic

233 2016 316 2082 bunc
337 2017 476 2097 proximo
496 2025 567 2096 post
588 2014 697 2080 lestum
724 2017 820 2080 saneti
841 2013 1006 2096 Botbulpbi
1033 2015 1170 2091 abbatis,
1201 2030 1281 2077 anno
1304 2013 1389 2094 regni
1417 2014 1498 2096 regis
1520 2013 1640 2078 llenrici
1670 2017 1745 2080 sexti
1769 2024 1837 2097 posi
1865 2025 2062 2097 conquestum

235 2136 351 2200 decimo
372 2151 463 2214 nono,
485 2133 555 2198 iude
575 2133 744 2199 conlectam
765 2133 884 2216 plenius
906 2140 1051 2213 apparel;
1073 2149 1190 2198 necnon
1212 2141 1240 2196 et
1261 2132 1388 2214 dederit,
1411 2135 1593 2197 concesserit
1614 2142 1644 2198 et
1664 2149 1721 2214 per
1741 2133 1893 2214 quoddam
1917 2140 2061 2216 scriptum

232 2271 330 2331 sunm,
353 2254 438 2318 cuins
459 2253 563 2316 datum
586 2262 632 2317 est
652 2251 798 2328 bondon‚
820 2261 906 2316 sexto
928 2252 977 2317 die
998 2252 1111 2317 mensis
1132 2251 1213 2328 Maii,
1236 2266 1316 2314 anuo
1338 2251 1459 2314 llomini
1481 2252 1640 2318 millesimo
1667 2251 1807 2320 CCCOE⁰
1830 2255 2062 2338 quadragesimo

230 2377 347 2452 primo,
382 2381 411 2436 et
432 2387 513 2434 auno
535 2373 621 2455 regni
643 2371 714 2454 dietj
736 2372 819 2454 regis
838 2371 961 2436 lleurici
982 2372 1058 2436 sexti
1080 2370 1198 2435 decimo
1220 2385 1316 2446 nouo,
1351 2368 1420 2433 inde
1441 2369 1630 2449 conlectum,
1665 2380 1693 2436 et
1714 2374 1745 2436 in
1768 2389 1888 2438 camera
1912 2371 2062 2438 Guibalde

229 2493 308 2558 dicte
330 2492 459 2556 civitatis
481 2492 512 2553 in
535 2490 634 2555 rotulo
663 2491 927 2556 memorandorum
956 2490 994 2554 de
1017 2497 1152 2570 tempore
1171 2487 1319 2552 lobannis
1341 2487 1498 2570 Patesley,
1530 2491 1671 2579 maioris,
1705 2509 1784 2557 anno
1812 2495 1897 2575 regni
1928 2493 2062 2558 eiusdem

230 2613 311 2694 ragis
333 2610 449 2675 decimo
472 2626 562 2690 nouo,
585 2610 787 2688 irrotulatum,
810 2610 1032 2674 confirmauerit
1055 2609 1167 2674 eisdem
1189 2606 1356 2672 Willielmo
1378 2605 1519 2685 (lumbes,
1541 2607 1707 2672 Willielmo
1730 2609 1902 2689 Abrabam,
1927 2611 2059 2677 lobauni

230 2727 367 2810 liollyn,
387 2728 518 2792 lobauni
540 2725 682 2806 Coiston,
703 2727 834 2794 iobaoui
856 2726 997 2810 Gyllard,
1020 2735 1049 2791 et
1069 2726 1161 2804 mibi,
1184 2709 1332 2792 antedicto
1354 2725 1521 2792 Willielmo
1542 2725 1691 2806 Stallord,
1723 2731 1934 2794 executoribus
1955 2739 1985 2794 et
2006 2747 2055 2794 as·

230 2849 357 2932 signatis
379 2848 502 2924 nostris,
524 2849 765 2925 imperpetuum,
799 2855 891 2926 prout
911 2863 967 2926 per
987 2848 1068 2911 idem
1090 2847 1236 2925 scriptum
1258 2844 1348 2924 plene
1370 2845 1474 2924 liquet.
1526 2845 1664 2910 Pretertu
1688 2862 1818 2926 quorum
1841 2847 1961 2928 quidem
1983 2847 2061 2912 leol-

229 2966 364 3047 lameuti,
386 2967 468 3045 doni,
491 2968 696 3032 concessionis
718 2975 748 3030 et
770 2966 1027 3044 confirmacionis,
1060 2980 1117 3044 per
1138 2963 1250 3030 dictum
1270 2963 1440 3028 iohannem
1461 2962 1638 3044 lieyuewell
1665 2966 1709 3030 sic
1736 2965 1902 3044 laetorum,
1931 2967 2059 3047 predicti

227 3085 412 3150 willielmus
432 3083 574 3164 (lumbes,
597 3085 782 3151 Willielmus
805 3085 977 3166 Abrabam,
1006 3084 1160 3150 lohannes
1182 3083 1321 3165 llollryn,
1353 3083 1506 3148 lobanues
1528 3081 1671 3162 Coiston,
1699 3084 1853 3150 lohannes
1876 3083 2001 3168 Gyliard
2031 3097 2060 3150 et

228 3221 302 3288 ego,
324 3206 403 3269 idem
425 3204 607 3270 willielmus
629 3202 777 3285 Stallord,
811 3207 904 3270 seisili
927 3203 1038 3269 luimus
1061 3212 1090 3268 et
1111 3205 1328 3285 possessionali
1350 3203 1387 3268 de
1409 3205 1550 3268 omuibus
1571 3204 1687 3270 eisdem
1710 3207 1798 3268 terris
1820 3213 1850 3268 et
1872 3209 2058 3284 tenementis,

226 3314 295 3387 cum
317 3322 470 3401 wburuis,
492 3323 648 3399 domibus,
670 3322 894 3400 mansionibus,
916 3322 1038 3404 sbopis,
1061 3321 1198 3399 oelariis,
1226 3322 1347 3386 solariis
1369 3329 1397 3385 et
1418 3323 1559 3388 omnibus
1581 3323 1649 3386 allis
1672 3340 1776 3387 eorum
1800 3325 1915 3388 iuribus
1938 3332 1967 3388 el
1988 3339 2057 3404 per·

227 3442 365 3506 tiucnciis
386 3441 544 3519 uniuersis,
565 3442 596 3504 in
619 3440 770 3504 dominico
792 3447 895 3506 nostro
918 3448 950 3504 ut
970 3440 1008 3505 de
1030 3438 1135 3516 leodo;
1158 3457 1194 3502 ao
1216 3439 1253 3504 de
1271 3440 1413 3518 predictis
1435 3442 1570 3504 ternunis
1593 3443 1624 3504 in
1644 3441 1779 3521 predicto
1796 3449 1966 3506 tenemento
1988 3458 2057 3506 cum

226 3559 355 3624 wbaruo
377 3559 526 3626 adiaceuti
547 3568 577 3623 et
597 3559 738 3624 omnibus
759 3559 827 3624 aliis
849 3557 913 3623 suis
935 3558 1142 3640 pertinenciis,
1176 3557 1256 3638 quod
1278 3557 1431 3636 predictus
1453 3557 1605 3624 lebannes
1626 3558 1819 3640 Reynenell,
1855 3568 1887 3623 ut
1907 3559 2059 3641 prelerlur
2135 3641 2140 3650 Ι

225 3679 331 3743 bebuit
357 3687 387 3742 ct
415 3681 508 3743 tenuit
534 3677 573 3742 ad
596 3681 756 3743 terminum
783 3693 951 3756 annorum,
985 3695 1022 3740 cx
1044 3678 1239 3742 concessione
1261 3675 1446 3757 prelatorum
1474 3678 1689 3762 religiosorum
1712 3679 1861 3757 virorum,
1896 3680 2008 3758 prioris
2030 3687 2058 3742 et

224 3807 387 3864 concentus
408 3798 481 3862 dicti
501 3798 677 3862 monasterii
695 3805 798 3861 sancte
815 3796 981 3876 Trinitatis,
1004 3806 1034 3862 cl
1054 3797 1093 3861 de
1114 3796 1299 3878 supradictis
1322 3799 1456 3862 terminis
1477 3799 1508 3860 in
1530 3797 1619 3862 dictis
1641 3798 1816 3862 tenementis
1838 3814 1906 3862 eum
1928 3796 2057 3862 wharuo

224 3925 253 3981 et
278 3919 342 3982 sois
371 3917 564 3998 pertinenciis
592 3915 836 3996 quibuscirnquc,
870 3934 929 3997 que
951 3916 1118 3982 antedictus
1139 3916 1291 3980 lohannes
1311 3915 1488 3997 lieynewell
1515 3915 1620 3980 babuit
1641 3924 1671 3980 et
1694 3917 1804 3994 tenuit,
1839 3924 1870 3980 ut
1892 3915 2070 3998 prefertur,

223 4036 262 4099 ad
285 4038 444 4100 terminum
467 4049 626 4113 annorum,
649 4052 686 4099 ex
708 4039 903 4100 concessione
921 4035 1110 4116 prefatorum
1126 4037 1339 4118 religiosorum
1358 4038 1503 4113 uirorum,
1526 4035 1638 4116 prioris
1660 4043 1689 4098 et
1711 4044 1873 4100 conventus
1895 4035 2056 4119 hospitalis

223 4153 310 4220 brute
331 4151 439 4220 Morio
461 4151 500 4220 dc
521 4151 775 4242 Eltpnpspt‘lell.

373 4271 413 4336 Et
428 4289 496 4338 cum
514 4281 632 4354 postea,
654 4273 801 4352 uidelicet,
824 4273 941 4341 decimo
960 4283 1067 4340 oetam
1085 4274 1135 4340 die
1152 4277 1264 4338 mensis
1279 4272 1475 4352 Septembris,
1498 4289 1578 4337 anuo
1595 4271 1718 4336 Domini
1735 4271 1897 4335 millesimo
1914 4268 2054 4337 CCCCl'⁰

222 4391 455 4476 quadragesimo
476 4393 587 4470 tercio,
617 4399 648 4456 et
667 4410 748 4457 auno
769 4397 854 4476 regni
882 4391 1009 4475 predicti
1029 4394 1110 4476 regis
1132 4391 1251 4458 llenrici
1272 4393 1349 4456 sexti
1371 4393 1511 4456 uicesimo
1534 4391 1685 4468 secundo,
1712 4389 1865 4471 predictus
1887 4387 2054 4458 Jolccnocs

223 4508 424 4599 Repoetoell,
445 4509 659 4590 penultimam
682 4509 864 4577 voluntatem
886 4527 972 4578 suam
995 4515 1092 4592 (inter
1113 4511 1192 4590 alia)
1215 4511 1343 4577 noluerit
1362 4519 1392 4574 el
1413 4510 1617 4586 ordinauerit,
1641 4505 1722 4587 quod
1745 4506 1789 4570 illi
1812 4509 1863 4586 qui
1886 4526 1923 4572 ex
1945 4525 2054 4593 magua

222 4631 402 4696 confidentia
429 4629 469 4694 ad
497 4646 585 4694 usum
608 4646 695 4693 suum
717 4629 831 4695 leodali
852 4627 973 4694 luerunt
1003 4629 1040 4694 dc
1067 4639 1097 4694 et
1124 4632 1155 4694 in
1176 4631 1316 4694 omuibus
1338 4638 1368 4694 el
1389 4629 1518 4714 singulis
1540 4629 1629 4692 terris
1650 4635 1679 4689 et
1702 4627 1877 4690 tenementis
1899 4629 1962 4690 suis
1983 4646 2053 4710 pre-

221 4749 310 4814 dictis
337 4765 406 4814 cum
435 4750 499 4814 suis
524 4749 733 4828 pertinenciis,
766 4758 828 4813 tam
857 4749 951 4813 cicius
972 4764 1033 4827 quo
1055 4748 1163 4814 melius
1185 4749 1250 4814 lieri
1276 4757 1396 4830 posset,
1423 4755 1494 4829 post
1521 4761 1610 4812 suum
1638 4743 1793 4808 decessum
1822 4742 1955 4810 lacerent
1983 4745 2053 4811 inde

221 4874 331 4932 statum
359 4874 388 4931 et
413 4866 651 4944 fondamentum,
672 4882 737 4932 seu
764 4866 817 4930 illa
846 4851 996 4950 legerent,
1030 4866 1194 4931 secundum
1217 4866 1377 4931 eonsilium
1406 4864 1689 4947 legisperitorum,
1723 4863 1829 4926 maiori
1851 4865 1913 4928 sire
1935 4866 2051 4931 custodi

222 4985 349 5048 ciuitatis
377 4983 513 5050 Londou.
543 4995 573 5050 et
599 4987 766 5050 camerario
794 4984 954 5069 Guybalde
988 4986 1117 5050 ciuitatis
1152 4985 1303 5063 eiusdem3
1341 4983 1467 5049 tenenda
1498 4979 1611 5048 eisdem
1645 4983 1753 5045 maiori
1783 4983 1845 5046 sire
1874 4984 1991 5049 custodi
2024 4994 2052 5049 et

221 5095 389 5166 oan'rererin
416 5112 570 5170 eteorum
593 5105 836 5183 successoribus,
870 5106 921 5184 qui
948 5120 1005 5183 pro
1034 5109 1170 5185 tempore
1199 5111 1315 5180 essent,
1348 5101 1388 5166 nd
1410 5117 1497 5166 usum
1520 5100 1743 5165 communitatis
1765 5101 1896 5165 ciuitatis
1918 5102 2051 5183 predicte

220 5223 460 5304 imperpetuum,
492 5223 530 5288 de
559 5225 738 5304 capitalibus
767 5225 898 5290 dominis
928 5221 1008 5288 leodi
1037 5223 1118 5288 illius
1140 5240 1196 5304 per
1216 5221 1342 5286 seruicia
1368 5219 1438 5286 iude
1465 5220 1565 5287 debita
1595 5227 1625 5282 et
1653 5216 1690 5282 de
1718 5220 1784 5284 iure
1811 5230 1965 5288 consueta.
2015 5223 2051 5288 Et

287 5371 448 5438 Abtbelluuss
463 5374 496 5425 11.
1813 5370 1844 5424 13
