4998 6256
391 1713 424 1793 1.
472 1713 558 1794 Dua
586 1713 1021 1794 mauriannensem
1052 1715 1138 1796 ten
1169 1715 1242 1796 dns
1270 1713 1416 1819 Kbniqa
1445 1713 1668 1801 Aetnaeo.
1731 1714 1994 1796 978-1016.
2023 1713 2058 1814 ¹)

968 1893 1060 1976 Quae
1079 1907 1197 1983 portua
1219 1895 1489 1964 observabantur.
1512 1918 1516 1929 ·

459 1977 721 2098 Eatdrenesgate
744 2022 772 2078 et
794 2012 984 2097 Cripeisgete
1007 2016 1027 2078 i.
1051 2033 1076 2078 e.
1100 2021 1206 2096 nonas
1228 2014 1298 2078 ilias
1319 2014 1520 2078 observabant
1542 2013 1694 2100 custodes.
1707 2015 1745 2092 ⁹)

885 2129 937 2197 De
960 2130 1084 2198 teloneo
1109 2131 1220 2200 dando
1244 2131 1289 2199 od
1310 2131 1565 2220 Bnynqesyute.

467 2295 601 2315 .......
635 2250 780 2316 Homines
801 2251 839 2316 be
859 2249 1030 2334 Rotomago
1210 2252 1410 2316 Fianbrenses
1433 2261 1462 2315 et
1483 2250 1676 2315 Pontcicnses
1698 2259 1727 2314 et
1749 2251 1934 2315 Normannia
1958 2259 1987 2315 et
2010 2250 2146 2329 Francia,

306 2369 517 2434 monstrabant
543 2386 593 2434 res
622 2386 694 2433 suas
721 2378 750 2434 et
774 2369 999 2434 extolneabant
1044 2369 1200 2454 floggc³)
1230 2379 1258 2436 et
1280 2370 1476 2452 Leobium⁴3
1507 2376 1536 2432 ct
1557 2369 1690 2447 Nineue,
1706 2370 1741 2450 ⁵)
1769 2373 1821 2450 qui
1848 2388 1904 2449 per
1927 2379 2023 2434 terras
2053 2371 2146 2446 ibant,

306 2489 509 2552 ostensionem
524 2488 560 2565 6)
582 2489 695 2552 dabant
717 2496 745 2553 et
768 2488 929 2552 teloneum.
974 2487 1011 2551 Et
1031 2488 1170 2555 hominos
1193 2488 1403 2570 imperatoris,
1434 2490 1486 2568 qui
1507 2488 1666 2551 veniebant
1689 2490 1720 2552 in
1743 2489 1871 2552 naribus
1894 2490 1973 2570 suis,
1997 2489 2146 2551 bonarum

306 2606 409 2689 legum
437 2606 522 2688 bigni
552 2606 746 2684 tenebamur,
781 2609 859 2670 sicut
888 2614 917 2670 et
944 2622 1013 2671 nos.
1064 2607 1189 2672 Praeter
1217 2607 1416 2672 oiscarcanm
1447 2607 1549 2671 lanam
1579 2614 1609 2670 ct
1637 2607 1786 2671 dissutum
1809 2607 1844 2684 ²)
1875 2614 1999 2670 unctum
2029 2614 2058 2668 et
2086 2612 2147 2668 tres
2189 2639 2192 2648 ‚

307 2741 418 2802 porcos
440 2726 522 2788 rivos
545 2725 656 2790 licebat
677 2726 721 2789 eis
743 2727 894 2789 emersio
917 2741 1009 2788 nares
1031 2741 1119 2802 snas3
1141 2733 1171 2789 ct
1193 2742 1252 2789 non
1276 2725 1386 2789 licebat
1408 2727 1451 2789 cis
1473 2724 1598 2805 aliquod
1616 2723 1793 2807 sorceapum
1815 2724 1915 2789 iacere
1937 2723 2147 2788 burbmannis.

306 2841 394 2922 81⁸)
423 2889 515 2906 .....
544 2844 618 2907 dare
640 2843 791 2908 teloneum
813 2861 919 2922 suum;
943 2850 972 2906 et
994 2844 1024 2906 in
1047 2851 1152 2909 sancto
1171 2841 1269 2906 Natali
1286 2843 1407 2906 Domini
1429 2842 1506 2907 dnos
1527 2843 1687 2926 grisengos
1709 2861 1827 2925 pannos
1849 2851 1880 2906 et
1902 2860 1995 2907 unum
2018 2845 2147 2906 brunum

306 2969 336 3024 ct
357 2962 461 3026 ducat
489 2961 584 3026 libras
606 2963 721 3042 piperis
748 2970 777 3026 et
806 2963 953 3027 cirotecas
981 2964 1113 3043 umuuue
1141 2961 1298 3026 bominum
1328 2970 1359 3026 et
1386 2961 1464 3026 duos
1488 2961 1660 3025 caballinus
1690 2961 1819 3026 tonellos
1847 2971 1932 3026 aceto
1961 2961 2087 3040 plenos,
2121 2969 2149 3024 et

306 3078 430 3144 totidem
452 3081 483 3143 in
506 3079 632 3146 Pascha.

307 3334 361 3417 ll.
406 3336 531 3442 Kbniy
556 3339 742 3422 Heinricb
766 3340 815 3419 11.
845 3347 978 3420 nimau
1010 3341 1073 3420 dic
1099 3338 1240 3421 benor
1269 3348 1311 3420 in
1340 3347 1476 3420 onnon
1501 3338 1658 3440 Sebaste,
1689 3340 1928 3420 nomentbicb
1951 3340 2013 3418 ibn
2037 3338 2149 3418 Hono

954 3499 996 3570 in
1026 3491 1197 3572 bandora.
1260 3491 1419 3592 (1157.)
1456 3488 1491 3592 ⁰)
2058 3491 2067 3500 “

460 3671 617 3752 Henmcus,
641 3672 696 3736 Dei
713 3674 817 3755 gracia
837 3659 892 3736 rex'
908 3672 1018 3754 Angiio
1035 3681 1065 3737 ct
1085 3673 1146 3738 dux
1166 3673 1352 3738 Nurmannie
1371 3681 1400 3737 et
1420 3671 1580 3750 Aquitanis
1599 3679 1627 3734 et
1646 3685 1748 3764 comes
1763 3670 1938 3752 indiganie,
1963 3672 2148 3748 iusticiariis‚

308 3791 531 3854 vicecomitibus
548 3799 578 3854 et
594 3791 736 3856 omnibns
753 3791 899 3854 ministris
916 3792 981 3854 suis
997 3790 1106 3874 Angiie
1124 3791 1264 3855 salutem.
1307 3790 1445 3872 Pracipio
1465 3790 1559 3867 robis,
1582 3789 1665 3868 quod
1682 3789 1857 3854 custodiatis
1879 3799 1909 3854 et
1930 3792 2149 3854 manuteneatis

306 3915 336 3971 et
356 3909 524 3992 protegatis
546 3908 684 3974 homines
706 3917 736 3972 et
758 3910 840 3974 ciues
862 3905 1077 3986 Colonienses,
1100 3909 1178 3973 siout
1200 3907 1337 3974 homines
1359 3924 1443 3972 meos
1466 3915 1495 3970 et
1516 3909 1641 3986 amicos,
1664 3917 1694 3972 ct
1714 3924 1819 3972 omnes
1842 3925 1890 3972 res
1912 3917 1942 3972 et
1963 3916 2150 3972 mercaturas

307 4042 378 4090 suas
400 4034 430 4090 et
452 4031 677 4107 possessiones,
707 4030 766 4108 ita,
789 4029 871 4108 quod
895 4043 992 4108 noune
1014 4028 1052 4090 de
1075 4023 1171 4094 domo
1196 4045 1258 4092 suu
1281 4022 1451 4108 london,
1474 4042 1571 4106 neque
1593 4027 1630 4090 dc
1654 4027 1761 4105 rebus,
1793 4044 1890 4107 neque
1911 4029 1949 4092 de
1971 4029 2150 4094 mercaturis

464 4279 489 4345 ¹)
516 4281 589 4334 Naub
608 4284 659 4348 deu
676 4281 819 4336 Abdrucita
837 4284 865 4333 in
883 4283 935 4334 den
952 4279 1069 4332 Anciont
1087 4282 1151 4333 iares
1169 4282 1223 4333 aab
1240 4281 1377 4333 institutas
1396 4279 1425 4330 oi
1441 4279 1578 4344 Enniana,
1597 4281 1639 4332 eb.
1657 4280 1689 4331 B.
1707 4283 1821 4348 Tborpe,
1841 4294 1867 4345 p.
1882 4277 1939 4332 117.
2012 4279 2039 4346 ²)
2067 4281 2150 4331 itione

307 4362 395 4414 Thaso
412 4364 521 4416 narbon
540 4378 591 4418 rou
610 4367 661 4418 deu
679 4367 825 4419 Louboner
841 4367 963 4430 iiiirgern
986 4368 1120 4433 bennoni,
1144 4368 1202 4420 aisn
1221 4368 1295 4419 nicht
1310 4366 1499 4430 Bisbonsaotc.
1606 4365 1633 4430 ³)
1660 4367 1765 4432 Honos,
1790 4380 1823 4418 on
1843 4367 1903 4417 dem
1922 4378 1972 4416 ans
1991 4367 2051 4417 uem
2070 4363 2150 4428 zarin,

307 4449 367 4500 dem
387 4448 457 4500 aitau
476 4448 584 4512 sinciai,
603 4451 669 4500 nach
687 4451 800 4502 bamma
818 4452 873 4503 und
890 4451 997 4516 neonae
1015 4453 1164 4505 ffibrenban
1183 4452 1296 4515 Cannio,
1315 4453 1351 4503 im
1370 4452 1478 4504 Norden
1497 4463 1548 4502 von
1567 4449 1963 4514 osmanoem‚1etztttoncn,
1984 4449 2078 4500 uniam
2098 4447 2148 4499 des

306 4534 343 4584 im
362 4534 475 4585 titostcn
492 4533 723 4598 liunbmgisoben
742 4535 912 4588 §enimenin
937 4535 1009 4600 (unu
1034 4539 1118 4590 sebon
1141 4550 1188 4590 ror
1207 4534 1274 4590 nat
1296 4538 1324 4588 in
1344 4527 1469 4588 Giibert's
1493 4534 1658 4587 Historias.
1677 4533 1764 4586 Cernit
1782 4535 1860 4584 Dani.
1879 4547 1902 4584 c.
1917 4531 1958 4596 li,
1976 4546 1999 4584 s.
2014 4533 2148 4597 bononias

307 4618 403 4682 serint.
422 4629 474 4669 rer.
489 4617 579 4670 Denta
597 4617 628 4667 Τ.
645 4618 691 4668 lv.
710 4631 737 4682 p.
754 4616 898 4682 iso-tte.
918 4617 979 4686 180)
998 4627 1148 4684 ganeonem
1166 4622 1325 4682 ostiariam
1344 4621 1399 4672 unci
1418 4619 1592 4670 rermutbiicb
1610 4621 1659 4670 das
1677 4619 1798 4670 ostnoat
1816 4619 1863 4669 des
1882 4618 1994 4670 tiitosten
2013 4618 2151 4668 Liibcciter

307 4703 503 4755 subiacentes.
547 4701 636 4767 vergi.
655 4701 834 4756 Urknnbiiobe
851 4703 1009 4757 Gescbiohte
1033 4707 1080 4758 ber
1098 4706 1251 4759 nanneten
1268 4707 1370 4758 liause.
1395 4703 1445 4755 Tb.
1457 4704 1492 4754 11.
1518 4703 1544 4755 s.
1560 4701 1610 4768 ut,
1635 4715 1675 4755 no
1701 4717 1734 4754 au
1758 4701 1882 4766 butenae
1907 4704 1955 4754 des
1978 4703 2147 4755 rierzebnten

306 4789 501 4841 labrhnnbarts
518 4789 595 4841 flore
618 4790 672 4841 nub
690 4789 788 4842 Portus
807 4790 946 4843 suenonis
971 4791 1057 4842 naban
1076 4792 1203 4844 einander
1226 4791 1266 4842 nis
1290 4791 1353 4842 anei
1377 4802 1429 4842 vnn
1452 4789 1504 4840 ben
1522 4786 1632 4840 Hannon
1652 4788 1780 4840 besnobto
1798 4786 1884 4839 Htten
1902 4792 2020 4850 genennt
2037 4786 2150 4838 nerbas.

309 4873 335 4937 ⁴)
362 4873 475 4938 notun,
494 4874 611 4926 beneito
629 4875 683 4928 Sita
700 4875 749 4927 bes
766 4875 917 4940 Discinctos,
935 4873 997 4926 bom
1016 4875 1082 4926 auch
1101 4875 1150 4926 bes
1170 4874 1238 4926 obau
1257 4888 1289 4925 su
1307 4867 1358 4940 8³
1376 4874 1517 4934 attribute,
1536 4887 1582 4925 sne
1601 4872 1753 4924 Dentscben
1766 4871 1859 4924 Hense
1877 4872 2034 4935 gerecbueta
2052 4871 2153 4924 Dicant

307 4959 423 5021 uenuste.
537 4957 563 5024 ⁵)
591 4958 702 5010 Nteeiiee
720 4971 754 5010 au
773 4958 821 5011 ber
839 4958 927 5011 senne
945 4960 982 5010 im
1000 4959 1140 5012 siidiioben
1159 4960 1286 5011 brabant.
1404 4959 1430 5024 ⁶)
1462 4960 1581 5011 oetmto
1598 4959 1635 5008 ist
1653 4959 1712 5009 aine
1730 4953 1841 5019 ingane
1861 4955 1903 5006 irie
1920 4956 1963 5008 uia
1980 4955 2150 5020 Erieubniss,

306 5042 423 5096 Waaren
448 5055 495 5094 rur
518 5042 605 5095 soban
630 5057 664 5095 au
686 5043 796 5108 suiten,
823 5045 1025 5108 austunssegen.
1065 5043 1233 5108 Aitenssiisch
1258 5044 1422 5110 scacarium
1448 5045 1515 5097 anob
1539 5041 1702 5106 assertura,
1731 5041 1892 5104 setensium.
2033 5039 2059 5105 ⁷)
2087 5041 2152 5105 lone

308 5121 490 5180 dissolutum!
519 5127 627 5192 Tinna.
769 5127 794 5194 ⁸)
822 5129 887 5181 iiior
905 5128 984 5180 tebius
1003 5125 1183 5181 “debebant”
1201 5130 1266 5181 oder
1283 5128 1460 5192 derssieicbeu.

463 5227 489 5293 ⁹)
516 5226 576 5280 Ans
594 5231 655 5283 bom
674 5230 769 5283 cotan
788 5230 967 5296 Coniaibnebu
985 5243 1046 5283 rom
1065 5229 1145 5282 taire
1165 5225 1241 5283 isto.
