4914 6254
396 577 452 660 50
847 557 851 568 ·
1174 567 1283 662 rear,
1310 572 1394 642 aran
1420 570 1454 640 e.

402 870 539 928 roccham
564 855 877 946 accresceretur,
901 873 937 924 ex
959 865 1046 936 parte
1068 855 1257 936 occidentali,
1280 875 1316 922 ac
1339 875 1448 938 aquam
1471 856 1624 922 Thamisie
1645 875 1681 922 ex
1698 866 1790 938 parte
1811 857 1954 937 australi,
1980 868 2010 923 et
2033 865 2236 924 tenementum

402 997 498 1062 nuper
520 978 673 1058 hadulphi
694 975 848 1059 blaheney
870 993 908 1039 cx
929 984 1017 1054 parte
1038 975 1229 1054 aquilonari,
1256 975 1418 1040 heredibus
1440 983 1470 1040 et
1491 977 1653 1058 assignatis
1674 994 1779 1042 eorum
1802 981 2023 1059 imperpetuum
2046 984 2077 1040 et
2096 977 2238 1040 saisinam

260 1185 262 1190 ι
401 1099 471 1164 iude
493 1097 619 1177 prelatis
641 1097 782 1174 llicardo,
805 1096 927 1178 Rogare
948 1104 978 1159 et
999 1093 1155 1158 wittune
1176 1103 1314 1174 pretextu
1337 1104 1419 1159 carte
1441 1095 1576 1176 predicte
1598 1095 1885 1172 deliberauerimus3
1919 1097 2065 1160 noueritis
2087 1112 2144 1170 me,
2168 1112 2237 1175 pre-

400 1216 496 1283 iatam
514 1216 706 1294 hidonciam,
731 1217 761 1278 in
782 1231 859 1294 pura
883 1212 1032 1277 riduetate
1053 1230 1120 1277 mea
1143 1213 1308 1278 ratificassc
1329 1222 1358 1276 et
1380 1214 1575 1280 confirmasse
1597 1222 1708 1285 sutum
1729 1216 1934 1294 predictorum
1956 1214 2089 1290 llicardi,
2112 1212 2236 1295 hogeri,

401 1336 545 1400 heredum
569 1345 597 1398 et
616 1337 842 1417 assignatorum
855 1349 979 1398 suerum
1002 1333 1033 1395 in
1054 1340 1118 1396 toto
1135 1335 1303 1396 tenemento
1325 1332 1462 1411 predicte
1482 1350 1553 1398 cum
1570 1333 1651 1414 layo
1673 1333 1839 1412 adiacente,
1861 1350 1930 1397 cum
1954 1332 2136 1398 omnimodis
2153 1349 2236 1396 com-

399 1455 605 1531 meditatibus,
627 1455 811 1518 aisiamentis
833 1463 862 1516 et
883 1452 1081 1533 pertinentiis,
1105 1451 1247 1531 predictis
1270 1459 1437 1517 tenemento
1460 1460 1489 1515 et
1511 1451 1592 1532 haye
1614 1451 1874 1532 qualitercumque
1896 1452 2131 1532 pcrtinentibus,
2160 1453 2234 1516 situ-

400 1582 432 1636 at
458 1578 490 1637 in
512 1573 629 1638 uenalia
657 1573 808 1654 predicta,
838 1579 942 1634 uocata
963 1569 1229 1652 Wyndogoslane‚
1259 1588 1296 1634 ao
1318 1573 1469 1634 remisisse
1491 1579 1521 1634 et
1541 1569 1695 1635 relaxasse
1717 1579 1811 1635 totum
1833 1573 1880 1635 ius
1903 1586 2002 1634 meum
2024 1578 2053 1633 et
2075 1569 2234 1646 clameum,

401 1691 482 1770 qued
503 1691 619 1769 habeo,
642 1691 734 1754 hahui
756 1706 808 1754 seu
831 1689 1028 1768 aliquomodo
1050 1689 1162 1752 habere
1183 1697 1292 1768 potero
1314 1691 1345 1752 in
1368 1695 1536 1752 tenemento
1559 1697 1588 1752 et
1610 1689 1691 1771 haye
1713 1687 1871 1769 predictis,
1894 1687 1985 1753 simul
2007 1703 2076 1752 cum
2095 1689 2235 1751 omnihus

401 1810 672 1888 commoditatibus,
696 1808 882 1873 aisiamentis
904 1815 934 1870 et
954 1809 1144 1888 pertinentiis
1166 1809 1309 1887 predictis
1331 1806 1458 1886 prelatis
1478 1807 1609 1871 llicerdo
1632 1816 1662 1870 et
1682 1806 1814 1890 liugero,
1837 1807 1999 1872 heredibus
2021 1815 2051 1870 et
2072 1807 2235 1889 assignatis

400 1944 504 1992 eorum
527 1932 760 2007 imperpetuum.
805 1927 848 1989 lta
871 1943 959 2004 vero,
988 1925 1068 2004 qued
1093 1942 1146 1990 nec
1173 1943 1246 2008 ego,
1279 1926 1415 2005 predicta
1439 1925 1603 2001 hidensis,
1637 1942 1691 1990 neo
1713 1925 1839 1990 heredes
1866 1927 1924 1990 mei
1946 1923 2062 2006 aliquid
2084 1927 2160 1988 iuris
2181 1941 2233 1988 seu

399 2047 507 2113 clamei
536 2047 568 2109 in
595 2045 738 2126 predictis
773 2049 941 2108 tenemento
969 2053 999 2107 et
1021 2045 1101 2126 haye
1123 2061 1192 2108 cum
1214 2060 1321 2108 eorum
1343 2047 1532 2123 pertinentiis
1554 2044 1591 2108 de
1612 2052 1714 2110 cetero
1735 2046 1857 2127 exigere
1886 2061 1939 2108 seu
1967 2044 2128 2108 vendicare
2149 2051 2233 2122 pete-

399 2167 495 2228 rimus
516 2166 549 2227 iu
571 2162 691 2241 lutere,
725 2165 776 2227 sed
805 2164 845 2226 ab
866 2166 950 2226 omni
971 2165 1094 2228 accione
1116 2164 1191 2226 iuris
1213 2165 1434 2243 imperpetuum
1457 2165 1552 2228 simus
1574 2163 1689 2228 exclusi
1711 2179 1767 2242 per
1795 2171 1960 2243 presentes.
2004 2162 2041 2224 lit
2068 2179 2125 2244 ege
2152 2177 2233 2238 vero,

398 2283 534 2364 predicta
558 2280 719 2360 hlduocia,
741 2291 770 2345 et
791 2281 917 2346 heredes
939 2283 1010 2358 mei,
1032 2281 1168 2362 predicta
1192 2289 1391 2346 tenementum
1413 2291 1443 2345 et
1464 2281 1589 2363 huyum,
1611 2297 1679 2346 cum
1702 2283 1843 2346 omnihus
1865 2279 2139 2357 commoditatibus,
2161 2281 2232 2344 aisi-

399 2404 528 2468 amentis
550 2410 580 2466 et
601 2402 790 2483 pertinentiis
812 2399 967 2481 predictis,
990 2399 1108 2479 pretato
1121 2399 1253 2464 Ricardo
1275 2399 1448 2483 etliogero,
1470 2400 1631 2466 heredibus
1653 2410 1683 2464 et
1703 2401 1868 2482 assignatis
1885 2415 1990 2464 eorum
2009 2400 2230 2478 imperpetuum

400 2530 506 2586 contra
528 2537 634 2584 omnes
654 2528 761 2602 gentes
784 2529 921 2584 tenemur
943 2520 1160 2596 warantiraro,
1193 2520 1366 2599 acquietare
1388 2529 1418 2582 et
1439 2518 1610 2584 defendere.
1654 2518 1687 2582 in
1710 2520 1796 2584 euius
1818 2520 1861 2582 rei
1885 2519 2088 2584 testimouium
2110 2535 2233 2598 presen-

398 2643 477 2705 tibus
493 2639 628 2722 sigillum
646 2655 747 2702 meum
764 2639 904 2718 apposui.
927 2636 991 2702 iliis
1012 2638 1154 2704 testium.-
1178 2637 1336 2702 Willelmo
1349 2637 1552 2722 Cambryggc,
1575 2647 1647 2702 tunc
1662 2639 1776 2702 maiore
1788 2639 1918 2702 deitatis
1930 2636 2078 2714 lenden,
2096 2636 2233 2702 lohaoue

399 2759 537 2835 Beteler,
566 2758 705 2822 iohanne
725 2756 858 2834 Welles,
886 2765 958 2822 tunc
987 2757 1212 2832 vicecomitibus
1240 2756 1374 2822 eiusdem
1397 2760 1545 2834 ciuitatis,
1580 2756 1726 2822 llicholao
1749 2755 1891 2834 Wotton,
1929 2764 2000 2820 tunc
2022 2757 2105 2820 illius
2127 2755 2232 2820 warde

399 2877 608 2952 aldermanuo,
630 2875 768 2940 lehauuc
790 2874 942 2952 lirelxeles,
970 2874 1108 2940 iohanne
1130 2876 1319 2958 Bytterdene,
1350 2879 1517 2955 pecuariis,
1539 2876 1676 2940 iohanne
1697 2874 1888 2956 Tpohelden,
1916 2875 2054 2942 lohauue
2077 2874 2232 2956 Gydeoey,

396 2998 548 3078 groceris,
571 3005 601 3059 et
622 2995 702 3059 eliis.
747 2995 822 3058 Data
846 2992 981 3072 hendeo,
1003 3001 1113 3074 quarto
1141 2994 1190 3059 die
1212 2995 1333 3071 Martii,
1361 3012 1442 3059 anno
1465 2997 1551 3078 regni
1572 2995 1664 3078 Regis
1683 2993 1804 3058 Henmci
1826 2975 1924 3074 quinti
1945 3000 2015 3074 post
2035 3002 2232 3072 conquestum

394 3124 514 3179 octauo.

549 3229 592 3298 rs
615 3231 735 3300 dorae:
758 3232 859 3297 'lstud
881 3236 1029 3312 scriptum
1057 3233 1165 3296 lectum
1193 3229 1249 3298 luit
1275 3240 1305 3296 et
1327 3233 1519 3296 irrotulatum
1548 3235 1579 3296 in
1603 3234 1752 3316 hastengo
1774 3233 1927 3298 Lendouie
1955 3233 1992 3296 de
2021 3233 2231 3296 communibus

395 3353 515 3434 placitis
538 3358 618 3415 tento
640 3351 689 3416 die
712 3350 804 3429 hune,
828 3355 857 3414 in
881 3349 957 3414 festo
980 3348 1160 3415 Sanctorum
1182 3348 1319 3414 Tiburcii
1341 3360 1370 3413 ct
1389 3350 1555 3428 Valeriani,
1577 3367 1658 3414 anne
1680 3353 1767 3434 regni
1789 3351 1880 3434 Regis
1902 3351 2023 3416 lleumci
2044 3351 2142 3430 quinti
2162 3359 2231 3429 post

394 3479 590 3549 conquestum
612 3486 704 3534 nono.
1901 3469 2079 3548 Carpeuter.

393 3691 595 3776 nxvm.
642 3696 850 3798 cremae,
891 3695 1041 3776 meree
1071 3696 1143 3777 eea
1164 3697 1326 3804 neapo
1357 3675 1421 3779 ml
1443 3699 1620 3802 omas,
1654 3699 1825 3803 eomer,
1856 3722 1930 3778 ece
1959 3695 2005 3776 a
2026 3695 2232 3776 nocerem

500 3849 730 3953 empfouqeu
758 3875 807 3928 aar
835 3849 961 3929 huben
991 3841 1084 3928 600
1106 3849 1217 3930 Moris
1248 3850 1420 3956 Sterle'eq
1447 3850 1516 3956 sits
1547 3853 1622 3932 dua
1655 3850 1904 3931 wodalrici
1939 3855 2009 3928 mil
2039 3849 2127 3928 clem

847 4001 931 4104 Koq
960 4008 1002 4083 io
1033 4003 1250 4106 Wundeqoe
1278 4004 1397 4084 boue.
1459 3997 1572 4107 1u21,
1604 4003 1714 4083 Mira
1737 4000 1775 4083 6.

543 4183 690 4247 Nouerint
712 4185 841 4248 uniuersi
864 4201 920 4264 per
941 4193 1098 4265 presentes
1120 4201 1169 4248 me
1191 4183 1387 4261 hiduociam,
1421 4201 1519 4263 nuper
1547 4201 1668 4250 uxorem
1691 4184 1808 4252 Thome
1831 4184 1980 4262 lilerrers,
2013 4186 2176 4268 armigeri,
2199 4185 2228 4246 io

392 4316 469 4381 pura
491 4300 642 4366 viduetato
664 4319 731 4366 msa
753 4309 783 4368 et
804 4304 939 4386 legitima
969 4309 1117 4382 potestate
1146 4304 1297 4381 recepisse
1324 4311 1353 4367 et
1372 4303 1521 4382 ,habuisse
1543 4303 1593 4368 die
1619 4303 1817 4368 mnhctteeis
1853 4302 1865 4382 ll
1901 4305 2087 4385 presentium
2119 4304 2157 4368 de
2179 4303 2228 4366 lii·

392 4419 484 4484 carde
506 4419 682 4499 Bohelaed,
705 4425 772 4485 ciue
794 4429 823 4486 et
843 4423 1016 4501 piscenario
1038 4421 1246 4498 bondonensi,
1275 4439 1327 4486 sex
1351 4429 1453 4486 centos
1475 4439 1595 4488 marcas
1616 4423 1831 4506 sterlingorum
1853 4424 1883 4488 in
1905 4423 2026 4503 plenam
2049 4422 2228 4486 solutionem

390 4547 420 4602 et
440 4538 677 4604 satisfactionem
694 4547 832 4618 prototo
853 4540 908 4604 illo
931 4547 1099 4604 tenemento
1121 4557 1189 4604 cum
1213 4541 1294 4621 haye
1317 4541 1482 4619 adiacente,
1505 4541 1595 4606 simul
1616 4557 1685 4606 curn
1706 4542 1849 4606 omnihus
1870 4541 1939 4606 aliis
1953 4541 2227 4613 commoditatibus,

389 4658 575 4722 aisiamentis
596 4666 627 4721 et
647 4659 836 4738 pertinentiis
858 4657 1001 4738 predictis
1023 4667 1193 4723 tenemento
1214 4668 1244 4723 et
1266 4659 1347 4741 haye
1369 4660 1628 4738 qualitercumque
1649 4661 1879 4738 pertinentibus,
1907 4661 2025 4724 situatis
2046 4663 2077 4724 in
2101 4658 2227 4736 venelia,

389 4775 765 4859 uocataWyndegoslane,
788 4777 819 4839 in
841 4775 986 4857 parochia
1003 4775 1148 4841 Omnium
1164 4776 1345 4844 Sanctorum
1367 4779 1406 4842 ed
1428 4777 1532 4843 lenum
1551 4778 1698 4862 houden,
1721 4781 1798 4844 ieter
1820 4786 2020 4844 tenementum
2043 4793 2140 4857 nuper
2155 4777 2227 4840 Bar-

387 4891 532 4956 tholemei
554 4893 716 4978 Firestling
737 4913 776 4958 ex
796 4902 883 4974 parte
905 4896 1060 4972 orientali,
1091 4904 1120 4958 et
1141 4897 1271 4978 layum,
1294 4906 1434 4962 vocatum
1457 4895 1770 4986 Erterlyeqeabulle
1792 4917 1830 4964 ox
1852 4907 1940 4978 parte
1962 4897 2159 4973 occidentali,
2190 4913 2225 4958 ac

388 5027 500 5090 aquam
522 5009 676 5076 Thamisie
698 5021 843 5092 exparte
865 5014 1008 5092 australi,
1039 5025 1068 5080 et
1091 5024 1292 5080 tenementum
1315 5032 1414 5096 nuper
1435 5017 1588 5098 lladulphi
1610 5016 1762 5099 blateney
1785 5037 1821 5082 ex
1844 5027 1931 5099 parte
1955 5017 2139 5097 aquilonari.
2185 5014 2227 5078 lie

388 5130 499 5207 quibus
521 5128 643 5208 quidem
665 5133 814 5198 sexcentis
836 5135 948 5196 marcis
970 5133 1129 5212 predictis,
1161 5143 1191 5197 vt
1213 5134 1422 5214 supradictum
1445 5145 1507 5214 est,
1530 5136 1627 5202 fateor
1649 5154 1697 5201 me
1720 5138 1795 5201 bene
1817 5145 1847 5202 et
1858 5136 1986 5201 fideliter
2001 5152 2068 5200 esse
2080 5137 2221 5201 solutam.

385 5246 521 5327 Denique
536 5244 700 5312 Ricardum
716 5245 880 5329 Bokeland,
903 5251 1040 5330 heredes,
1061 5263 1240 5320 executores
1263 5263 1294 5319 et
1315 5257 1487 5337 assignatos
1508 5272 1580 5320 suos
1595 5255 1666 5320 inde
1688 5255 1752 5320 iore
1774 5258 1892 5337 quietos
1914 5265 1944 5320 et
1966 5267 2147 5326 exoneratos
2167 5255 2227 5328 im·
