4914 6254
393 555 451 636 74
603 527 615 536 '
1129 546 1237 640 runo,
1263 547 1407 624 aanor
1433 548 1495 620 nn.

394 854 442 903 me
463 844 495 902 et
515 835 679 903 1111111111
700 839 775 902 rods
798 839 829 900 in
850 841 1033 915 perpetuum
1052 833 1186 912 quietum
1208 793 1358 900 emmaum
1380 832 1542 913 iteduipbo
1563 829 1692 911 boteler,
1716 833 1813 911 mititi,
1835 835 1960 898 domino
1981 833 2020 897 de
2037 831 2179 916 Sudeiey,
2202 841 2232 900 et

393 953 523 1020 iobanui
545 953 660 1034 biunde,
680 955 803 1032 iuniori,
826 954 989 1036 armigero,
1027 969 1041 1034 tr
1075 950 1237 1020 heredibus
1259 953 1471 1036 etussiguatis
1486 952 1549 1016 sub
1565 954 1789 1031 inperpetuum
1804 960 1900 1017 totuin
1914 957 2086 1031 iusmeum,
2108 961 2231 1030 ctutum,

395 1073 524 1150 titutum,
546 1073 697 1138 ciameum
718 1081 748 1138 et
768 1072 962 1150 demendum,
983 1085 1042 1152 qus
1064 1085 1197 1150 uuquam
1218 1071 1326 1148 bubni,
1358 1070 1458 1137 babeo
1478 1087 1533 1134 seu
1554 1070 1755 1150 quouismodo
1776 1073 1808 1138 iu
1830 1071 1969 1136 futurum
1989 1071 2102 1136 bebere
2123 1079 2231 1150 potero

393 1191 431 1254 de
452 1199 482 1254 et
503 1194 534 1254 in
556 1197 619 1256 toto
642 1191 696 1256 iiio
719 1198 891 1256 tenemento
910 1205 980 1255 cnm
1002 1190 1083 1270 bsyo
1113 1188 1269 1254 adiacente
1294 1188 1384 1254 diunt
1414 1205 1484 1252 cum
1511 1189 1654 1253 omnibus
1680 1189 1961 1268 commoditatibus,
1995 1189 2181 1254 aisiamentis
2202 1196 2232 1254 et

393 1311 502 1374 ceteris
524 1311 587 1374 suis
610 1310 800 1390 pertiuentiis
822 1325 858 1373 ac
883 1307 1000 1372 iuribus
1022 1308 1262 1388 quibuscumque
1283 1307 1427 1387 predictis
1454 1313 1622 1370 tenemento
1649 1315 1680 1371 et
1705 1308 1786 1388 keyo
1808 1307 2068 1388 quaiitercumque
2093 1315 2231 1388 spectru-

394 1429 493 1506 tibus,
526 1427 651 1493 sinueris·
673 1429 704 1492 in
734 1427 850 1492 reneiie
873 1432 978 1491 vocata
999 1421 1265 1507 Wyndegoseiane
1295 1429 1325 1486 in
1353 1424 1498 1505 parocbia
1521 1422 1666 1489 Omnium
1689 1423 1869 1490 Sanctorum
1899 1426 1937 1490 ad
1968 1425 2071 1490 ieuum
2092 1424 2230 1490 Loudou.

393 1547 510 1628 sciiitst
530 1549 610 1614 iuter
631 1553 837 1616 tenementum
855 1561 952 1628 nuper
972 1543 1181 1610 11111111ωοί-
1197 1541 1362 1628 ibertiyng
1380 1560 1419 1610 eu
1439 1551 1526 1623 purte
1547 1543 1707 1620 ostentui,
1739 1551 1772 1608 et
1797 1545 1927 1625 iarum,
1957 1551 2095 1609 coemam
2118 1539 2231 1610 Erer-

396 1663 598 1758 iyncesbutie
619 1683 657 1730 ex
679 1672 764 1749 parte
785 1664 975 1741 occidentali,
997 1681 1033 1742 11
1055 1678 1166 1746 eutem
1187 1661 1342 1736 immiste
1364 1677 1401 1728 eu
1423 1661 1670 1741 parteaustraii,
1693 1671 1723 1728 et
1743 1671 1945 1736 tenementum
1968 1678 2066 1741 nuper
2080 1661 2232 1742 iiudrripbi

394 1784 567 1865 biaiieueye
587 1801 625 1848 en
645 1792 733 1864 parte
755 1783 937 1864 aquilonari.
980 1780 1072 1864 Quod
1099 1779 1220 1860 quidem
1247 1787 1448 1850 tenementum
1478 1780 1686 1861 supradictum
1713 1799 1781 1847 curn
1812 1784 1893 1866 karo
1923 1779 2080 1846 adiacente
2107 1789 2137 1844 et
2164 1779 2232 1845 aiis

395 1906 459 1968 suis
479 1903 668 1986 pertinentiis
689 1902 846 1968 antedictis
868 1899 997 1984 predicti
1018 1900 1197 1981 liudulphus
1218 1897 1339 1964 Boteier
1361 1907 1390 1963 et
1411 1897 1565 1964 iohannes
1587 1897 1691 1966 Hende
1714 1901 1824 1966 babent
1844 1901 1919 1978 sibi,
1949 1899 2111 1964 heredibus
2132 1907 2163 1963 et
2183 1915 2232 1963 us·

394 2023 521 2106 signatis
542 2024 606 2088 suis
628 2038 667 2086 ex
686 2021 864 2086 dimissione
885 2029 914 2084 et
935 2019 1128 2086 ieoiiameuto
1149 2017 1302 2084 Wiiieimi·
1319 2016 1487 2100 itnewyt,
1516 2019 1841 2100 ρει-1111111111,
1860 2017 2067 2084 biucoiuensis
2087 2019 2233 2100 episcopi,

392 2139 542 2207 tubunnis
562 2140 658 2223 Fruy,
688 2139 833 2223 eapiteiis
852 2141 977 2204 baronis
998 2139 1144 2206 scaccarii
1165 2137 1281 2204 domiui
1303 2137 1401 2220 regis,
1424 2146 1457 2202 et
1474 2136 1591 2202 Thomu
1612 2134 1791 2206 Rutbeweii.
1834 2138 1877 2202 ita
1900 2139 2053 2215 uidelicet,
2075 2137 2158 2216 used
2180 2155 2235 2206 oue

394 2275 464 2344 ego,
485 2259 625 2341 pmdictu
644 2258 795 2338 iobauna,
818 2275 874 2324 neu
895 2257 1024 2324 heredes
1044 2257 1120 2335 mei,
1154 2273 1209 2321 nec
1231 2256 1342 2336 aliquis
1365 2255 1443 2322 eiius
1465 2274 1522 2337 pro
1544 2258 1649 2336 uobis,
1685 2274 1745 2324 seu.
1761 2261 1883 2322 numine
1904 2266 2008 2322 nostro
2030 2257 2155 2338 ntiquod
2175 2260 2233 2334 ius,

395 2386 519 2458 stutum,
542 2379 673 2458 titutum,
696 2379 846 2444 clameum
868 2394 922 2443 seu
944 2375 1126 2462 demandam
1149 2380 1180 2440 iu
1202 2351 1357 2456 predictis,
1380 2383 1549 2441 tenemento
1572 2393 1640 2441 uum
1663 2378 1748 2459 tayo
1765 2377 1935 2454 adiacente,
1964 2376 2055 2442 simui
2077 2392 2148 2442 cum
2167 2391 2233 2442 em-

395 2499 484 2562 nibus
505 2497 789 2577 commoditatibus,
823 2497 1008 2562 aisiamentis
1031 2503 1066 2559 et·
1081 2496 1194 2560 ceteris
1212 2497 1276 2560 suis
1297 2496 1486 2576 pertiuentiis
1513 2513 1549 2560 ac
1575 2495 1691 2560 iuribus
1718 2497 1869 2562 uniuersis
1895 2495 2096 2576 mministis,
2129 2505 2183 2560 aut
2201 2497 2233 2560 iu

395 2616 500 2695 aitqua
521 2614 591 2680 inde
612 2615 747 2697 pamella
770 2615 808 2680 de
830 2622 931 2681 cetero
952 2618 1090 2698 exigere,
1124 2615 1257 2680 ciamare
1285 2631 1339 2678 seu
1361 2613 1520 2678 vendicare
1549 2616 1716 2695 poterimus
1737 2631 1793 2680 seu
1812 2617 1924 2694 poterit
1944 2618 1975 2678 in
1998 2615 2148 2692 minnist,
2181 2607 2241 2680 snd'

395 2732 435 2797 ab
457 2736 540 2798 omui
562 2736 696 2811 actione,
729 2735 812 2812 iure,
834 2734 937 2811 tituiu,
970 2732 1087 2798 clance
1110 2741 1140 2797 et
1160 2732 1310 2797 demanda
1333 2713 1402 2796 inde
1424 2733 1567 2812 petendis
1585 2732 1717 2796 tmaiiier
1737 2723 1833 2798 simus
1854 2735 1970 2798 emicui
1990 2737 2022 2797 iu
2043 2743 2233 2816 perpetuum.

393 2851 461 2937 Ego
482 2868 564 2930 uero,
586 2851 722 2934 predicta
743 2852 901 2929 debanna,
935 2851 1114 2931 etheredus
1135 2850 1195 2916 mei
1217 2851 1388 2934 predictum
1415 2860 1618 2917 tenementum
1646 2869 1720 2916 eum·
1738 2853 1820 2932 tayo
1847 2851 2018 2928 adiacente,
2052 2851 2232 2917 aimoinum

273 3039 276 3048 ,
394 2971 536 3035 omnibus
557 2969 832 3048 conrmiditatibus,
855 2971 1041 3035 aisinmcuiis
1059 2977 1090 3034 et
1108 2973 1217 3035 ceteris
1232 2971 1420 3050 pertinentiis
1439 2987 1477 3034 ac
1492 2969 1616 3039 iuribus.
1632 2972 1789 3048 uniuersis,
1813 2979 1843 3032 rt
1861 2968 2068 3052 supradictum
2088 2979 2143 3047 est,
2165 2987 2234 3050 pue·

394 3085 465 3152 iotis
486 3087 649 3168 iiaduipbo
671 3087 792 3152 Boteier
813 3096 842 3152 et
861 3086 993 3157 dubunni
1015 3087 1134 3167 iiende,
1163 3087 1325 3154 beredibus
1347 3097 1377 3154 et
1398 3089 1562 3172 assignatis
1582 3087 1647 3154 suis
1669 3095 1775 3152 contra
1798 3103 1903 3153 omues
1924 3097 2030 3172 gentes
2052 3091 2233 3154 warantiza-

394 3207 494 3271 bimus
515 3208 547 3270 iu
568 3214 748 3288 perpessum
771 3222 827 3288 per
847 3216 1013 3287 presentes·
1058 3208 1090 3271 iu
1113 3197 1198 3272 cuius
1222 3208 1265 3271 rei
1287 3206 1491 3271 testimonium
1513 3207 1583 3272 buic
1604 3211 1737 3288 presenti
1759 3209 1872 3288 scripto
1894 3223 1963 3272 meo
1983 3207 2117 3292 nigidium
2134 3224 2234 3274 meum

393 3326 535 3406 opposui.
580 3324 689 3390 [istum
712 3326 855 3390 vicesimo
875 3327 976 3408 primo
998 3325 1047 3390 die
1070 3327 1181 3390 mensis
1194 3325 1379 3402 Decembris,
1402 3341 1483 3388 auno
1505 3331 1593 3408 regui
1613 3327 1694 3410 regis
1705 3324 1825 3390 Henrici
1848 3327 1925 3390 senti
1947 3335 2018 3404 nost
2034 3335 2231 3406 conquestum

394 3443 503 3528 bugiie
525 3445 669 3509 uicesimo
690 3452 788 3510 sexto.

547 3558 593 3630 In
613 3561 734 3632 mrsu:
761 3562 858 3629 Vacat
879 3581 916 3629 es
938 3564 1133 3632 abundantia.

439 3846 576 3937 xcii.
626 3857 742 3960 ross
762 3856 830 3961 fo
861 3814 924 3939 are?
954 3857 1189 3964 succenso
1220 3859 1297 3963 aas
1321 3861 1408 3941 acm
1439 3857 1656 3964 sentinoso.
1717 3857 1833 3960 inse,
1865 3861 2040 3942 ucoca
2062 3863 2130 3944 22.
2152 3859 2186 3964 ¹)

464 4109 466 4118 .
545 4034 592 4100 int
614 4039 661 4102 iar
682 4055 771 4104 auses
791 4035 871 4104 iiern
894 4037 1090 4113 iiiiiiiiibiii.
1106 4057 1148 4132 ru,
1166 4037 1199 4106 S.
1216 4039 1296 4113 Petri
1309 4039 1347 4119 ς1
1375 4039 1452 4116 decb
1470 4041 1505 4133 in
1528 4039 1685 4129 Februarii
1707 4029 1789 4106 wart
1810 4041 2087 4133 uumeiugedrageu
2110 4045 2141 4106 bi
2162 4043 2231 4109 deur

393 4155 544 4237 kopmnn,
578 4152 630 4218 dut
656 4170 725 4220 men
755 4173 845 4225 vnseu
873 4165 992 4239 nortem
1021 4176 1079 4226 vau
1101 4159 1199 4224 cibem
1229 4159 1333 4236 stoke,
1366 4157 1420 4225 dat
1448 4176 1480 4223 se
1508 4157 1653 4254 urbeideu
1679 4159 1709 4223 in
1732 4159 1801 4222 dem
1824 4157 1973 4226 atnidcue
2001 4161 2063 4227 oiie
2084 4165 2176 4228 buten
2197 4161 2235 4228 de

393 4271 519 4358 iungede
541 4271 595 4338 des
617 4274 723 4352 boues,
746 4273 864 4340 betaien
887 4275 974 4341 schal
995 4293 1050 4342 ror
1070 4294 1141 4343 eren
1165 4275 1271 4356 arbeit,
1295 4277 1359 4342 nise
1381 4278 1469 4341 hirua
1491 4270 1679 4360 geschreueu
1702 4280 1781 4342 sieit.
1826 4255 1843 4270 ⁴⁴

392 4391 466 4457 item
489 4390 507 4455 1
527 4393 701 4458 iustasisen
718 4441 1091 4459 ..................
1135 4395 1173 4460 Vi
1190 4396 1262 4460 den.
1311 4395 1314 4466 ξ
1364 4396 1444 4460 item
1460 4394 1478 4459 1
1495 4396 1556 4464 iuri
1577 4395 1673 4462 smoit
1690 4393 1749 4460 uite
1769 4401 1837 4460 trau
1860 4443 2062 4462 ..........
2107 4397 2147 4462 Vi
2166 4399 2234 4464 den.

393 4510 466 4576 item
490 4509 586 4576 liert
608 4512 689 4576 ibers
697 4560 1091 4578 ...................
1136 4514 1176 4578 Vi
1209 4555 1228 4598 „
1365 4513 1559 4579 immitunt
1581 4515 1669 4598 oiyes
1674 4561 2066 4581 ...................
2110 4517 2150 4582 Vi
2184 4559 2203 4599 „

392 4628 465 4695 item
489 4628 507 4693 l
527 4630 587 4696 inst
607 4631 719 4713 pectes
738 4676 1089 4699 .................
1135 4632 1175 4699 vt
1209 4675 1227 4717 „
1367 4633 1439 4698 item
1464 4634 1561 4698 llast
1582 4635 1722 4718 beringes
1736 4681 2064 4700 ................
2109 4637 2149 4701 Vi
2183 4681 2200 4720 „

394 4747 466 4810 item
489 4746 771 4848 1111111111...Ι
783 4797 1092 4815 ...............
1137 4749 1178 4816 Vi
1210 4794 1229 4834 „
1366 4752 1440 4818 item
1464 4735 1560 4818 llast
1581 4761 1661 4820 siors
1673 4799 2065 4818 ...................
2109 4753 2150 4818 vi
2183 4795 2202 4837 ,‚

391 4864 464 4930 item
488 4862 582 4932 linst
609 4870 790 4936 onemundes
808 4915 1093 4935 ..............
1139 4868 1178 4935 Vi
1212 4909 1231 4953 „
1367 4870 1442 4937 item
1464 4869 1561 4939 liast
1581 4873 1687 4942 besses
1694 4917 2065 4938 ..................
2110 4871 2152 4940 vi
2184 4918 2201 4958 „

548 5237 572 5300 ¹)
598 5235 658 5292 bus
676 5239 736 5292 dem
754 5240 921 5306 Muuuseriut
939 5237 985 5296 der
1004 5243 1319 5302 comunes-bibiturum
1335 5261 1368 5302 ru
1386 5243 1660 5308 1111111111.111.79.
1868 5247 1894 5314 ²)
1921 5249 1964 5312 vu
1982 5249 2033 5301 den
2053 5249 2134 5312 brtsr.
2170 5247 2227 5304 18.
