4998 6256
1006 567 1115 666 mna
1143 571 1285 645 sorno
1311 569 1371 644 ac.
1563 533 1569 546 ’
2049 573 2107 654 att

270 862 354 925 ribus
375 860 492 926 decime
513 877 549 926 ac
570 859 740 926 medietatis
761 858 888 936 decime,
911 859 979 938 sibi,
1004 875 1059 941 per
1080 861 1325 926 communitatem
1348 859 1433 942 regni
1463 859 1559 924 nocui
1586 857 1711 942 Anglie,
1746 861 1853 924 ultimo
1883 873 2108 936 concessarum,

270 981 300 1042 in
322 979 444 1044 ciuitate
464 994 520 1044 sna
542 977 678 1057 Loudon,
701 987 731 1041 et
752 993 858 1042 comm
880 976 1151 1042 subcollectoribus
1173 980 1203 1042 in
1226 977 1342 1042 Warda
1364 976 1403 1042 de
1424 975 1589 1060 itonegate,
1612 979 1642 1041 in
1665 977 1721 1042 bec
1745 979 1854 1043 verba:

423 1096 580 1176 ilenricus,
603 1097 658 1160 liei
680 1097 779 1180 gratia
802 1111 857 1160 rex
878 1094 987 1176 Anglie
1009 1104 1038 1160 et
1060 1095 1196 1174 Francis,
1219 1105 1249 1160 et
1269 1097 1409 1162 deminus
1431 1093 1593 1171 Hiberoie,
1613 1096 1827 1162 collectoribus
1849 1097 1966 1161 decime
1987 1112 2023 1160 ac
2045 1109 2109 1158 me-

269 1215 388 1280 dietatis
409 1215 536 1298 decime,
560 1216 663 1292 nobis,
685 1231 742 1296 per
763 1199 1006 1280 com'mnnitatem
1030 1217 1116 1299 regni
1138 1216 1234 1280 nostri
1257 1213 1381 1298 anglie,
1412 1213 1518 1278 ultimo
1542 1229 1774 1294 concessarum,
1807 1215 1837 1277 in
1860 1215 1981 1278 ciuitate
2003 1219 2106 1276 nostra

268 1332 412 1411 bondon,
441 1343 470 1398 et
492 1349 597 1398 eorum
619 1333 890 1398 subcollectoribus
911 1335 943 1397 in
965 1333 1072 1398 warda
1094 1332 1132 1397 de
1153 1332 1324 1414 Douegate,
1348 1332 1487 1396 salutern.
1532 1331 1609 1396 Cum
1631 1333 1734 1397 dilecti
1756 1332 1843 1396 nobis
1864 1339 2048 1396 mercatores
2070 1330 2108 1394 de

267 1449 368 1516 liansa
391 1454 422 1515 in
441 1450 620 1518 Alamannia
642 1453 847 1516 concesserint
866 1449 940 1515 dare
961 1450 1085 1515 domino
1104 1449 1151 1528 tl,
1173 1451 1236 1515 dtio
1258 1453 1340 1534 regis
1362 1449 1494 1528 ilenrici,
1516 1451 1669 1531 qnondam
1693 1453 1757 1535 regi
1778 1451 1897 1534 Anglic,
1919 1449 2109 1534 progenitori

268 1577 389 1647 nostro,
421 1579 452 1634 et
473 1570 635 1636 herodibus
656 1573 737 1648 suis,
771 1563 964 1651 de'quattber
986 1570 1064 1634 libra
1086 1571 1204 1653 argenti
1226 1571 1428 1636 estimationis
1448 1587 1501 1634 sau
1525 1571 1637 1636 valoris
1658 1587 1760 1636 rerum
1791 1579 1821 1634 at
1847 1568 2108 1635 mercandisarum

267 1703 404 1766 suarum,
425 1694 459 1752 ut
480 1687 517 1753 de
539 1691 644 1754 auerio
666 1688 809 1770 ponderis
830 1689 919 1752 etde
941 1689 1010 1754 aliis
1031 1691 1122 1752 rebus
1143 1688 1315 1768 subtilibus,
1338 1690 1417 1754 sicut
1437 1690 1476 1754 de
1496 1691 1605 1771 pannis
1627 1690 1832 1766 tarsensibus,
1865 1689 1903 1752 de
1926 1689 2041 1765 aerico,
2070 1685 2108 1750 da

268 1805 406 1883 cindalia,
429 1805 467 1870 de
487 1813 552 1870 seta
575 1815 604 1871 et
625 1807 694 1871 aliis
712 1806 841 1872 diuersis
861 1809 1023 1886 mercibus,
1047 1817 1077 1872 et
1098 1809 1136 1872 de
1157 1809 1242 1888 cquis
1265 1810 1355 1872 etiam
1379 1816 1409 1872 et
1430 1807 1468 1872 de
1489 1803 1558 1874 aliis
1580 1808 1773 1885 animalibus,
1797 1807 1889 1873 blado
1911 1815 1941 1870 et
1961 1806 2031 1870 aliis
2059 1821 2108 1868 re-

268 1925 326 1988 bus
348 1931 377 1986 et
398 1923 595 1989 nemorosis
618 1925 826 2004 multimodis,
855 1941 914 2006 que
936 1925 974 1990 ad
998 1935 1110 1991 cartam
1133 1933 1302 1990 custnmam
1324 1925 1414 1990 facile
1435 1929 1508 2006 poni
1531 1945 1591 1992 nou
1613 1936 1755 2007 possent,
1783 1941 1964 2006 quocunque
1987 1925 2109 1988 nomine

268 2050 460 2121 censeantur,
494 2051 555 2108 tres
581 2043 724 2108 denarios
749 2043 791 2108 de
817 2045 950 2123 qualibet
976 2043 1055 2110 libra
1088 2047 1206 2128 argenti
1234 2047 1264 2110 iu
1294 2047 1419 2111 introitu
1445 2063 1548 2110 rerum
1575 2054 1604 2110 at
1630 2045 1890 2110 mercandisarum
1917 2041 2054 2122 ipsarum
2076 2043 2108 2106 ia

267 2177 393 2244 ηειιιιιιι
416 2169 446 2226 et
466 2169 647 2240 potestatem
669 2161 795 2247 Anglie3
818 2171 848 2227 ct
869 2163 1007 2229 similiter
1027 2170 1090 2228 tres
1111 2163 1251 2228 denarios
1272 2164 1311 2228 de
1333 2163 1468 2244 qualibet
1490 2165 1567 2229 libra
1590 2166 1709 2246 argenti
1730 2166 1761 2228 in
1783 2162 1943 2228 eductione
1963 2175 2109 2240 quarum·

153 2305 160 2318 ·
266 2295 384 2360 cunque
406 2296 508 2344 rerum
530 2290 560 2344 et
582 2279 841 2346 mercandisarum
864 2282 1048 2361 huiusmodi,
1071 2289 1240 2363 emptarum
1263 2284 1293 2346 in
1315 2297 1412 2365 regno
1434 2291 1464 2346 et
1486 2291 1634 2365 potestate
1655 2283 1816 2362 predictis,
1850 2281 1932 2345 ultra
1953 2288 2107 2345 cosmmas

264 2399 405 2479 antiquas
426 2398 525 2462 eidem
546 2401 733 2481 progenitori
756 2409 859 2466 nostro
881 2409 934 2466 aut
955 2401 1023 2466 allis
1045 2409 1115 2467 ante
1136 2399 1240 2477 datas;
1257 2401 1292 2480 ¹]
1321 2418 1357 2466 ac
1378 2402 1459 2468 idem
1481 2404 1659 2484 progenitor
1680 2407 1782 2466 noster
1802 2373 1955 2476 voluerit,
1979 2407 2009 2463 et
2029 2399 2108 2460 inter

268 2525 383 2583 ceteras
406 2517 560 2580 libertates
582 2525 612 2582 et
634 2519 819 2598 quietancias
847 2519 974 2600 prelatis
996 2521 1214 2586 mercatoribus
1236 2537 1293 2602 per
1313 2529 1429 2586 canam
1458 2521 1529 2586 dicti
1551 2521 1755 2604 progenitoris
1782 2521 1892 2597 nostri,
1922 2533 2013 2598 quam
2035 2532 2109 2580 cou-

265 2636 468 2714 lirmarimus,
482 2636 518 2715 ῃ)
541 2641 728 2709 concesserit¹
745 2655 802 2718 pro
824 2655 857 2702 se
878 2647 909 2703 et
928 2638 1090 2704 heredibus
1112 2640 1175 2704 suis
1196 2639 1311 2704 eisdem
1333 2615 1570 2721 mercatoribus,
1592 2640 1675 2720 qnod
1697 2639 1780 2704 nulla
1803 2640 1932 2715 exactio,
1956 2637 2039 2718 prisa
2061 2635 2108 2698 val

264 2756 427 2836 prestatio,
460 2762 513 2818 aut
539 2754 655 2834 aliquid
682 2755 763 2819 aliud
790 2773 868 2820 onus
900 2773 993 2838 super
1025 2773 1174 2838 personas
1209 2765 1411 2824 mercatorum
1446 2759 1671 2841 predictorum,
1704 2757 1910 2822 mercandisas
1941 2771 1995 2820 seu
2027 2756 2108 2818 bona

263 2872 428 2938 eorundem
457 2867 648 2954 aliquitenns
676 2876 849 2954 imponatur
875 2883 980 2939 contra
1009 2874 1139 2940 iormam
1167 2893 1342 2958 expressam
1368 2879 1509 2959 superins
1539 2885 1567 2941 et
1595 2893 1788 2953 concessamp
1809 2879 1845 2956 θ)
1881 2885 1910 2939 et
1937 2875 2007 2938 licet
2035 2873 2109 2938 dicti

183 2995 191 3010 ·
263 2999 447 3057 mercatores
475 2993 698 3073 prestacioues,
731 2995 983 3072 contributiones,
1016 2997 1201 3076 taxationes,
1234 2994 1367 3062 demmas
1397 3005 1427 3061 et
1453 2999 1574 3075 quintas
1601 2997 1733 3062 decimas
1762 3011 1819 3075 pro
1841 3013 1875 3060 se
1904 3003 1935 3059 et
1961 2993 2050 3058 bouis
2080 3000 2109 3055 et

265 3110 462 3175 mercandisis
483 3117 557 3189 auis,
580 3129 649 3176 cum
671 3115 886 3178 communitate
908 3114 982 3178 dicti
1002 3116 1089 3198 regni
1111 3116 1217 3194 nostri,
1240 3117 1329 3182 nobis
1350 3123 1379 3182 et
1397 3117 1641 3201 progenitoribus
1666 3116 1778 3180 uostris
1800 3121 1871 3197 post
1888 3111 2107 3178 contactionem

265 3235 419 3294 cartarum
445 3237 475 3292 ct
503 3230 762 3295 confirmationem
790 3233 997 3314 predictarum
1030 3249 1210 3314 quacunque
1242 3237 1423 3301 auctoritate
1451 3253 1511 3300 uon
1548 3235 1704 3300 solrerunt
1738 3235 1891 3316 aliquibus
1921 3231 2108 3311 temporibus

263 3347 437 3425 retroactis;
471 3363 524 3410 ros
552 3356 669 3424 umen,
699 3349 905 3415 machinantes
935 3349 1071 3432 prelatos
1100 3363 1285 3419 mercatores
1313 3355 1482 3419 uoluntaria
1510 3370 1711 3438 pregrarare,
1744 3356 1829 3431 ipsos
1855 3359 2040 3414 mercatores
2068 3347 2107 3410 ad

263 3464 453 3530 medietatem
484 3466 574 3530 unius
595 3465 728 3545 decime,
761 3469 840 3533 iuter
867 3469 945 3534 alios
967 3470 1105 3536 homiues
1127 3471 1261 3538 eiusdem
1283 3473 1431 3550 ciuitatis,
1461 3472 1633 3551 resedistis,
1667 3479 1698 3535 et
1717 3471 1830 3535 dictam
1852 3468 2043 3534 medietatem
2066 3467 2105 3530 ab

262 3585 306 3649 eis
327 3585 464 3668 exigitis,
498 3592 529 3648 et
549 3584 668 3649 diversa
690 3585 779 3651 radia
806 3597 836 3652 ct
863 3589 993 3672 pignora
1022 3591 1061 3654 ab
1083 3591 1127 3656 eis
1149 3605 1207 3670 pro
1229 3589 1388 3656 medietate
1409 3591 1526 3656 decime
1547 3591 1681 3670 predicte
1703 3591 1791 3656 nobis
1811 3588 1959 3656 soluenda
1982 3587 2105 3668 cepistis

261 3711 290 3766 et
312 3703 468 3782 detinetis,
502 3713 532 3768 et
553 3704 679 3768 eandem
702 3706 908 3785 medietatem,
936 3725 993 3788 per
1013 3707 1146 3791 grandes
1167 3707 1369 3774 districtiones
1390 3719 1420 3774 et
1441 3711 1502 3774 alia
1524 3712 1703 3794 grauamina
1724 3712 1811 3790 prius
1832 3707 1968 3773 inaudita
1990 3705 2105 3782 abeis,

261 3829 294 3885 ut
316 3831 470 3900 asserunt,
505 3821 609 3887 leuare
630 3825 761 3888 nitimini
783 3828 884 3890 minna
906 3828 1001 3905 iuste,
1035 3829 1065 3890 in
1088 3827 1226 3908 ipsorum
1250 3837 1452 3894 mercatorum
1473 3845 1569 3912 graue
1591 3829 1793 3910 preiudicium
1822 3836 1851 3894 et
1877 3825 2104 3906 depressionem

263 3957 298 4003 ac
327 3948 424 4006 status
451 3941 499 4004 sui
520 3938 809 4024 depauperatiouem
830 3945 1037 4024 manifestam,
1073 3963 1188 4011 necnon
1212 3955 1317 4012 contra
1339 3951 1398 4012 vim
1421 3956 1451 4014 et
1471 3947 1609 4014 edentum
1638 3957 1793 4014 cartarum
1820 3947 2045 4027 predictarum,
2078 3951 2107 4006 et

261 4057 350 4121 aliter
378 4074 470 4140 quam
503 4076 560 4139 per
586 4068 700 4125 textum
728 4061 884 4128 literarum
914 4073 1088 4129 nostrarum
1110 4067 1277 4145 patentium
1299 4067 1384 4131 robis
1413 4069 1444 4130 iu
1473 4067 1530 4131 lrac
1556 4074 1645 4146 parte
1671 4066 1854 4132 directarum
1887 4066 1953 4129 deri
1979 4064 2106 4138 debeat;

263 4175 343 4240 unde
365 4177 452 4241 nobis
474 4176 721 4258 supplicaverunt
743 4182 801 4246 sibi
823 4163 881 4264 per
901 4199 957 4247 nos
979 4183 1017 4248 de
1038 4184 1173 4249 remedio
1196 4183 1369 4266 prouideri:
1414 4201 1486 4263 nos,
1515 4186 1651 4250 nolentes
1673 4187 1758 4265 ipsos
1775 4191 1970 4248 mercatores
1999 4187 2105 4245 contra

261 4292 393 4358 lormam
421 4303 450 4359 et
479 4304 613 4360 tenorem
642 4299 806 4364 earundem
841 4309 995 4365 cartarum
1031 4311 1061 4366 et
1094 4303 1361 4368 confirmacionum
1395 4305 1517 4368 onerari
1550 4313 1602 4368 aut
1630 4302 1761 4368 indebite
1788 4301 1985 4386 prcgrauari,
2019 4298 2105 4361 nobis

261 4415 454 4491 mandamus,
477 4415 555 4479 sicut
576 4415 653 4479 alias
676 4418 898 4497 mandauimus,
921 4421 1003 4501 quod
1026 4422 1110 4502 ipsos
1125 4421 1311 4486 mercatores
1333 4421 1372 4485 ad
1390 4423 1642 4488 contribuendum
1665 4422 1814 4487 solucioni
1838 4419 1972 4500 predicte
1990 4417 2106 4480 decime

260 4540 289 4597 et
317 4532 486 4598 medietatis
513 4531 628 4597 decime
660 4535 750 4599 aliter
776 4553 829 4600 sen
862 4537 925 4601 alio
958 4537 1067 4616 modo,
1096 4556 1189 4618 quam
1219 4543 1380 4606 retroactis
1407 4542 1594 4624 temporibus
1622 4541 1686 4604 fleri
1713 4539 1817 4602 debuit
1845 4546 1874 4602 et
1903 4535 2104 4608 consueuerit,

257 4652 381 4716 minime
403 4651 610 4731 compellatis,
640 4661 670 4716 et
690 4654 926 4736 districtionem,
954 4657 980 4720 si
1006 4673 1098 4737 qoam
1120 4659 1248 4738 prelatis
1270 4661 1490 4725 mercatoribus
1511 4659 1671 4724 occasione
1692 4657 1828 4737 predicta
1851 4657 1951 4720 minus
1981 4655 2038 4719 rite
2059 4651 2104 4716 ic-

261 4773 379 4848 ceritis,
410 4771 475 4835 siue
496 4769 642 4834 dilatione
664 4771 796 4835 relaxari
818 4771 937 4838 faciatis
958 4773 1157 4854 eisdem,·aei
1181 4793 1304 4842 cansam
1328 4779 1415 4843 nobis
1437 4779 1628 4861 significetis,
1651 4793 1746 4857 quare
1768 4774 1944 4840 mandatnm
1966 4781 2101 4838 nostrum

261 4889 338 4953 alias
360 4891 446 4955 nobis
468 4889 539 4954 inde
560 4888 708 4956 directum
730 4893 840 4972 exequi
861 4892 1001 4958 noluistis
1022 4893 1068 4958 rel
1092 4911 1151 4959 non
1174 4895 1330 4961 debuistis.
1380 4895 1469 4961 Teste
1498 4912 1547 4960 mc
1573 4895 1655 4974 ipso,
1685 4895 1766 4976 apud
1788 4893 2103 4968 westmonasterium,

261 5005 367 5071 xxvt.
390 5008 438 5073 die
461 5007 627 5089 Februarii,
649 5025 729 5074 anno
752 5013 837 5094 regni
860 5013 954 5075 nostri
978 5029 1069 5078 nono.
1708 5011 1715 5025 “

263 5257 290 5322 ,)
319 5254 385 5313 ¹³⁰3
412 5175 502 5310 λε·
519 5179 569 5312 ‘¹⁸¹⁸
587 5177 758 5246 miniatum
776 5179 865 5246 litlnlg
881 5179 1010 5236 lidaards
1027 5183 1049 5235 l.
1068 5195 1129 5236 aum
1146 5183 1227 5237 labra
1247 5181 1321 5248 latta,
1340 5184 1457 5236 februar
1477 5180 1501 5235 l.
1625 5181 1652 5250 a)
1679 5185 1718 5236 pm
1736 5184 1815 5236 app„
1835 5179 1910 5245 1³99,
1929 5183 2044 5236 octog„
2061 5177 2104 5231 il.

385 5293 393 5324 ‚
434 5271 530 5312 eruar
559 5295 566 5310 .
