4914 6254
930 569 1057 666 ‚nuos
1084 569 1310 645 coeteras
1989 573 2045 658 99

222 858 252 920 iu
288 857 530 922 exonerationem
554 858 761 920 vicecomitum
793 853 946 936 lendum,
975 859 1078 923 decem
1107 857 1203 922 libras
1231 857 1460 938 sterlingorum,
1490 872 1566 935 ques
1594 857 1683 922 iidem
1710 860 1899 924 vicecomites
1927 858 2044 922 solvere

222 975 348 1040 reddere
363 985 393 1040 et
407 976 562 1040 solverunt
576 991 633 1054 pru
651 974 731 1040 feodi
744 975 830 1041 tirmn
846 976 885 1041 dc
896 975 1084 1044 Sutlcocrlcr
1107 981 1149 1042 its
1166 975 1247 1056 quod
1258 992 1363 1042 omnes
1379 973 1514 1040 honines
1530 984 1558 1039 et
1571 993 1699 1056 persone
1714 981 1800 1060 regni
1812 977 1921 1060 buglis
1933 978 2043 1043 ibidem

221 1097 373 1160 venientes
394 1097 456 1158 sive
476 1101 674 1172 transeuntes,
698 1111 766 1158 cum
789 1111 893 1160 eurum
916 1097 1074 1180 cuningus,
1097 1097 1224 1160 carectis
1244 1095 1306 1160 sive
1327 1093 1396 1159 ollis
1416 1096 1507 1161 rebus
1529 1103 1559 1160 et
1578 1095 1666 1158 bonis
1687 1098 1935 1176 quibuscumque,
1957 1096 2045 1162 liberi

221 1223 330 1291 essem,
353 1215 455 1293 quieti,
479 1215 632 1278 exonerati
648 1223 678 1278 et
693 1214 834 1292 absoluti,
856 1233 914 1295 pro
928 1224 1085 1296 perpetuo,
1108 1216 1147 1279 ob
1162 1217 1243 1278 omui
1262 1215 1374 1278 tolneto
1390 1222 1418 1278 et
1435 1213 1503 1279 aliis
1517 1214 1722 1278 soluciuoibus
1740 1223 1769 1279 et
1784 1216 2045 1282 consuetudinibus

222 1340 290 1396 ante
311 1349 348 1396 ea
369 1341 505 1414 tenpore
528 1333 661 1408 usitotis,
683 1333 723 1398 ab
744 1335 788 1398 eis
808 1352 864 1414 per
884 1333 980 1398 dictos
1001 1335 1190 1398 vicecomites
1212 1347 1267 1396 seu
1288 1347 1478 1398 successores
1499 1349 1570 1398 suos
1592 1335 1805 1413 quoquomodo
1826 1335 1963 1417 petendis
1983 1336 2045 1399 sive

222 1451 388 1534 exigendis.
433 1451 468 1516 Et
490 1453 615 1518 ulterius
637 1453 717 1532 qood
740 1453 865 1534 predicti
888 1456 985 1516 maior
1013 1453 1076 1518 sive
1098 1459 1199 1516 custos
1221 1461 1250 1516 et
1272 1455 1456 1518 camerarius
1478 1447 1652 1532 Guybalde,
1681 1461 1710 1516 et
1732 1469 1835 1518 earum
1858 1471 2046 1518 successores

223 1571 275 1650 qui
305 1586 362 1649 pru
390 1577 525 1651 tempore
552 1571 666 1648 lorent,
702 1572 853 1636 solverent
881 1581 911 1636 et
939 1572 1097 1638 redderent
1134 1571 1288 1634 annuatim
1324 1573 1543 1652 imperpetuum
1578 1571 1799 1637 vicecomitibus
1825 1571 1961 1636 london.
1990 1590 2045 1652 pro

224 1698 358 1768 tempore
380 1689 588 1765 existentibus,
624 1697 692 1754 octo
714 1689 807 1756 libras
829 1691 1060 1772 sterlingorum,
1088 1688 1125 1754 de
1148 1690 1276 1754 exitibus
1304 1698 1332 1753 et
1355 1691 1497 1770 prolenis
1519 1689 1722 1769 predictorum
1743 1700 1893 1755 terrarum
1916 1698 1944 1754 et
1966 1698 2046 1754 tene-

224 1815 394 1872 mentorum
419 1823 487 1872 com
516 1809 578 1872 suis
606 1809 814 1887 pertinenciis:
846 1813 890 1874 ita
917 1811 999 1890 quod
1029 1809 1119 1874 iidem
1142 1810 1330 1874 vicecomites
1360 1819 1412 1875 sut
1437 1812 1484 1876 sui
1511 1811 1638 1874 ministri
1660 1810 1733 1874 nibil
1757 1809 1916 1888 baberent,
1933 1813 1934 1822 ’
1950 1827 2046 1889 oeque

224 1936 365 2007 caperent
391 1936 445 1991 aut
470 1929 538 2007 copi
566 1927 699 1992 lacerent
726 1930 938 2010 quoquomodo
961 1929 1084 2008 aliquod
1108 1928 1271 1994 telonetum
1294 1939 1345 1992 aut
1367 1928 1500 2008 aliquam
1523 1938 1673 1994 monetam
1695 1946 1747 1992 seu
1770 1946 1851 2006 rem,
1884 1929 1922 1993 de
1943 1927 2046 2008 aliquo

226 2059 354 2125 persona
376 2047 438 2110 sive
466 2046 504 2110 de
524 2047 676 2126 aliquibus
697 2050 834 2127 personis
856 2052 941 2131 regui
960 2047 1076 2131 buglis,
1098 2065 1155 2130 pro
1177 2063 1281 2112 eorum
1303 2049 1403 2126 rebus,
1426 2048 1633 2126 mercandisis,
1657 2047 1833 2112 victualibus
1855 2055 1884 2112 et
1905 2049 2046 2132 mrtagtts

225 2167 370 2230 universis
391 2181 449 2245 pro
469 2181 573 2230 eorum
597 2170 740 2252 passagio
763 2169 800 2232 ad
822 2187 974 2254 muprrurrr
991 2179 1124 2256 portum
1145 2165 1257 2255 pontis
1280 2169 1410 2234 ciuitatis
1421 2167 1569 2246 london,
1590 2185 1687 2248 neque
1708 2167 1747 2231 ad
1768 2176 1889 2248 pontem
1909 2175 2045 2230 vocatam

225 2281 254 2348 le
274 2281 496 2370 Drumbridpe
517 2285 650 2350 eiusdem
673 2289 813 2366 ciuitatis,
835 2287 1049 2366 quoquomodo
1070 2286 1196 2369 singulis
1218 2287 1405 2366 temporibus
1427 2287 1547 2352 tuturis.
1596 2285 1719 2351 Proviso
1741 2303 1861 2364 semper
1882 2287 1962 2366 quod
1987 2303 2046 2364 res,

223 2402 420 2479 mercandise,
443 2405 592 2484 victualia,
615 2375 732 2472 carecto
754 2417 783 2472 et
803 2407 937 2490 cartegia
958 2405 1030 2484 illa,
1065 2415 1126 2470 mm
1149 2405 1188 2469 ad
1210 2403 1374 2473 Sulhwerlt
1397 2406 1575 2488 predictum,
1598 2422 1688 2484 quam
1710 2405 1748 2468 sd
1771 2405 1879 2469 dictent
1904 2421 2048 2488 magnam

222 2531 342 2602 portem
364 2532 394 2586 et
415 2530 537 2604 pontem
559 2525 724 2605 predictum
746 2528 790 2592 sic
811 2528 975 2603 veniencia,
997 2527 1057 2590 sint
1080 2541 1278 2604 personarum
1295 2543 1348 2590 seo
1365 2525 1729 2608 personetndtgensrun,
1752 2533 1781 2587 et
1803 2523 1955 2588 nullarum
1976 2542 2047 2602 per-

225 2657 369 2704 sonarum
391 2659 446 2706 nec
468 2643 530 2706 ulle
549 2661 678 2724 persone
700 2646 937 2728 alienigenarum
944 2665 956 2723 3
989 2653 1019 2710 et
1039 2646 1118 2725 quod
1143 2645 1226 2710 nolte
1248 2643 1309 2708 alia
1332 2645 1523 2726 perturbacio
1546 2644 1615 2710 inde
1637 2641 1697 2708 illis
1719 2661 1771 2707 scu
1794 2643 1839 2706 illi
1870 2661 1934 2720 res,
1953 2655 2046 2708 'mer-

227 2759 378 2838 candisas,
401 2761 552 2840 dctualia,
575 2773 725 2828 correctas
744 2772 773 2828 et
795 2767 928 2848 coriagie
952 2763 1120 2828 huiusmodi
1144 2763 1360 2828 adducentibus
1376 2765 1439 2828 sive
1460 2763 1619 2828 adducenti
1640 2761 1724 2828 lieret
1745 2763 1969 2841 quoquomodo,
1992 2764 2049 2826 nisi

226 2879 384 2946 solomodo
406 2897 571 2960 persuum
594 2894 827 2948 sacramentum.
872 2883 995 2948 Proviso
1017 2883 1116 2960 etiam,
1137 2883 1217 2962 quud
1241 2882 1284 2946 illi
1307 2886 1359 2961 qui
1381 2885 1424 2946 sic
1447 2884 1566 2948 veniunt
1588 2889 1618 2946 et
1638 2881 1739 2960 aliquo
1763 2884 1842 2946 bona
1863 2899 1916 2946 seu
1940 2885 2047 2950 merci-
2098 2921 2104 2932 ·

224 3002 325 3064 munia
348 3001 392 3064 vel
414 3001 549 3082 utiquam
569 3003 661 3068 allam
683 3021 747 3070 rem
768 3001 847 3068 infru
865 3004 1016 3068 ciuitatem
1037 3001 1217 3068 antedictam
1240 3009 1343 3068 emunt
1363 3018 1417 3066 scu
1439 3009 1627 3082 comparent,
1651 3001 1821 3064 nullatenus
1843 3010 1949 3064 exeunt
1962 3011 2047 3065 extra

226 3118 350 3182 eaodem
373 3123 533 3200 civitatem,
563 3125 620 3188 nisi
642 3123 801 3189 solomodo
822 3125 880 3189 sub
902 3127 1080 3190 auctoritate
1101 3122 1244 3186 billarum
1265 3137 1319 3186 seu
1341 3120 1429 3198 bille,
1464 3121 1635 3186 nominibus
1664 3137 1717 3186 seu
1740 3123 1859 3186 nomine
1882 3119 2047 3184 liberorum

227 3237 272 3300 vel
296 3237 382 3301 liberi
403 3241 532 3304 civitatis
552 3243 696 3322 predicte,
720 3246 749 3306 io
772 3261 808 3308 ea
830 3252 917 3323 parte
937 3241 1163 3320 faciendarum
1200 3249 1289 3321 prout
1318 3245 1408 3306 ceteri
1435 3248 1504 3306 aute
1531 3241 1585 3306 lnce
1609 3249 1743 3321 tempora
1765 3238 1864 3304 lacere
1886 3256 2048 3304 consuere

227 3361 297 3419 runt
318 3373 354 3419 ac
377 3357 531 3438 bucusque
554 3359 679 3439 fuciunt,
702 3363 866 3427 secundum
888 3363 1120 3426 consuetudines
1141 3363 1271 3426 ciuitatis
1293 3361 1437 3438 predicte.

378 3475 417 3540 Er
437 3478 526 3541 etiam
548 3480 629 3560 quod
651 3481 779 3560 predicti
801 3482 901 3544 maior
921 3483 984 3544 sive
1006 3489 1106 3544 custos
1128 3489 1157 3542 et
1179 3481 1363 3542 camerarius
1385 3476 1555 3558 Guybalde‚
1583 3487 1738 3542 eteorum
1760 3493 1965 3553 successores,
1998 3479 2050 3555 qui

227 3612 285 3675 pro
308 3605 443 3677 tempore
461 3597 570 3678 iurent,
594 3599 745 3664 solverent
763 3607 792 3664 et
808 3599 966 3665 redderent
984 3600 1137 3664 aunuatim
1159 3599 1381 3678 imperpetuum
1403 3595 1576 3662 custodibus
1598 3594 1725 3662 ecclesie
1747 3593 1854 3664 suncti
1868 3593 2052 3682 Borbulpbi

226 3712 324 3782 dictu
346 3714 611 3804 Billpoqespotc,
633 3719 768 3784 Londun.
790 3735 847 3800 pro
870 3727 1004 3798 tempore
1026 3719 1239 3794 existentibus,
1275 3717 1430 3782 tresdecim
1459 3715 1573 3782 solidos
1602 3725 1631 3780 et
1652 3724 1782 3794 quatuor
1808 3715 1949 3780 denarios
1974 3723 2050 3780 ster-

205 3823 378 3916 'liogorum
406 3837 496 3901 simul
525 3845 555 3902 et
582 3841 675 3903 semel
697 3843 727 3902 in
749 3839 826 3904 testo
849 3838 965 3903 Pascbe
991 3837 1030 3902 ad
1053 3837 1121 3902 inde
1141 3837 1300 3902 tenendum
1327 3845 1356 3900 et
1379 3834 1548 3900 leniendum
1570 3836 1703 3915 quolibet
1730 3851 1807 3899 υυυο
1830 3837 2050 3915 imperpetuum

230 3956 468 4020 anniversarium
490 3957 562 4022 dicti
583 3959 729 4024 lobannis
752 3959 945 4041 lleynewell,
974 3960 1006 4021 in
1028 3974 1063 4022 ea
1086 3957 1209 4020 ecclesie
1233 3957 1330 4020 sancti
1349 3952 1509 4034 botulphi,
1531 3970 1589 4034 pro
1610 3955 1710 4018 anima
1733 3971 1786 4016 sue
1809 3961 1838 4016 et
1860 3955 1968 4022 ceteris
1988 3955 2052 4018 sui-

228 4074 336 4138 mubus
357 4075 512 4154 predictis,
534 4085 729 4158 pernotum,
764 4079 878 4143 scilicet
900 4077 948 4142 die
970 4075 1095 4142 Veneris
1117 4078 1148 4140 in
1176 4077 1343 4157 septimana
1365 4073 1569 4151 Pentecostes,
1604 4089 1671 4136 cum
1699 4072 1847 4176 solempni
1875 4073 2050 4153 pulsaoiuoe

228 4206 456 4273 campanorum,
481 4193 619 4263 Plucebc
642 4207 672 4262 et
691 4195 827 4285 Diripe,
861 4213 930 4262 uum
952 4199 1045 4262 missa
1066 4197 1105 4261 de
1129 4191 1280 4283 Requiem
1302 4197 1332 4261 in
1354 4195 1484 4260 crastino
1506 4195 1658 4272 sequenti,
1690 4199 1720 4255 ct
1750 4193 1856 4258 ceteris
1878 4189 1985 4256 officiis
2013 4190 2050 4252 ad

229 4311 401 4377 huiusmodi
423 4313 503 4378 diem
532 4317 748 4395 anniversarii,
781 4319 859 4382 sicut
884 4318 1022 4395 deceret;
1055 4335 1091 4382 ac
1118 4315 1293 4380 custodibus
1320 4301 1447 4381 ecclesie
1474 4307 1628 4380 Ouetiston
1650 4308 1845 4378 Sanctorum
1870 4307 1915 4376 ud
1941 4307 2052 4391 sepum

227 4431 364 4496 Loodm.
387 4449 445 4512 pro
467 4442 604 4513 tempore
624 4437 834 4513 existentibus,
868 4438 1025 4502 tresdecim
1054 4435 1169 4501 solidos
1198 4444 1227 4498 et
1256 4442 1386 4514 quatuor
1413 4432 1568 4524 denarios,
1601 4447 1717 4496 necnon
1744 4429 1918 4492 custodibus
1947 4425 2054 4494 suncti

226 4550 356 4618 Andree
379 4571 479 4641 super
502 4551 671 4621 Coroebill
690 4555 826 4620 bondm.
855 4556 1015 4620 tresdecim
1041 4556 1155 4620 solidos
1182 4562 1213 4619 et
1240 4561 1370 4634 quatuor
1390 4553 1549 4628 denarios,
1581 4550 1621 4615 ad
1649 4564 1737 4612 suum
1760 4549 1996 4611 anniversarium
2020 4549 2050 4610 io

228 4671 339 4738 eisdem
362 4675 508 4752 ecclesiis,
531 4675 738 4740 consimilibus
760 4674 850 4739 modo
872 4685 902 4739 et
923 4675 1021 4738 lorma
1043 4673 1218 4751 dulcibus,
1242 4673 1401 4737 tenendum
1425 4679 1454 4736 et
1476 4669 1656 4734 laciendum.
1700 4665 1736 4730 lit
1758 4669 1881 4745 insuper
1898 4665 2051 4746 predictus

228 4793 379 4858 lohannes
391 4794 566 4877 lleyuevvcll
579 4795 684 4872 voluit,
706 4793 787 4874 quud
811 4793 880 4858 inde
901 4794 1027 4874 quilibet
1048 4793 1223 4874 capellanus
1246 4791 1458 4872 stipendiarius
1481 4789 1627 4852 dictarum
1644 4787 1734 4848 trium
1750 4785 1957 4863 ecclesiarum,
1981 4794 2051 4849 tunc

229 4911 339 4976 ibidem
361 4917 500 4991 existens,
524 4915 649 4979 baberet
669 4931 722 4978 sex
744 4914 897 4990 denarios,
919 4922 949 4977 et
969 4911 1094 4992 quilibet
1114 4913 1293 4976 clericorum
1315 4905 1737 4986 ecclesiarumpredlctorum,
1759 4921 1818 4984 pro
1834 4903 2052 4969 cilicineorum

229 5031 486 5100 debltelucieodo
508 5035 633 5102 baberet
655 5035 964 5115 quatuordenarium
997 5039 1026 5096 et
1048 5040 1143 5097 totum
1164 5031 1196 5094 id
1218 5031 1299 5110 qnod
1328 5027 1499 5109 superforet
1525 5025 1563 5090 de
1588 5025 1675 5090 dictis
1703 5023 1862 5128 tresdecim
1889 5023 1996 5091 solidis
2024 5031 2052 5087 ct

230 5161 359 5232 mutuor
379 5153 526 5234 denariis,
562 5159 592 5218 ln
614 5155 747 5236 qualibet
769 5153 895 5218 ecclesia
917 5153 1065 5217 dictarum
1087 5152 1293 5228 ecclesiarum,
1316 5149 1394 5212 ultra
1415 5146 1528 5211 dictum
1550 5145 1789 5210 anniversarium
1817 5158 1921 5222 suum,
1955 5142 2076 5222 imma,

230 5281 262 5337 ut
285 5291 376 5354 supra
400 5275 627 5355 perimplctum,
650 5276 761 5352 voluit,
783 5273 864 5355 quod
888 5275 1108 5355 expenderetur
1129 5275 1158 5336 iu
1180 5273 1276 5336 cereis
1297 5271 1335 5334 ad
1359 5269 1524 5333 ardendum
1547 5267 1586 5332 ad
1607 5281 1758 5332 summum
1778 5264 1874 5328 altere
1896 5263 2054 5328 cuiuslibet

1803 5413 1851 5468 ts·
