4866 6264
412 565 498 648 148
833 622 843 642 ,
1092 639 1099 653 ,
1182 557 1293 656 lain,
1318 561 1386 634 nat
1408 557 1469 671 12.

409 845 555 928 parocbia
576 844 721 912 Omnium
741 844 923 912 sincerum
946 843 986 910 ad
1007 841 1109 908 lennm
1131 840 1273 925 London,
1295 845 1448 923 riddleet,
1471 848 1548 908 inter
1573 842 1684 908 huam
1705 841 1829 910 domn
1851 853 1881 910 et
1901 841 2054 925 quoddam
2075 841 2236 929 gardinum

409 965 506 1032 eidem
532 965 636 1032 domui
664 973 819 1048 spectans,
853 983 892 1030 ex
918 973 1004 1045 parte
1029 965 1224 1044 condentali,
1260 975 1289 1031 et
1314 965 1425 1031 lenm
1454 963 1603 1030 venellam
1631 971 1768 1029 nonaum
1802 961 2058 1052 Wondpoaelnrrc
2084 981 2123 1028 ex
2149 973 2236 1044 parte

409 1085 548 1151 orientali
554 1104 565 1162 ;
593 1101 653 1150 uno
675 1087 771 1166 eapite
792 1084 862 1150 iride
883 1084 1036 1149 abuttante
1056 1099 1151 1164 snper
1171 1087 1270 1150 vicum
1290 1085 1329 1150 dc
1349 1083 1583 1151 l'bnmisosttete
1604 1097 1709 1148 veram
1730 1084 1858 1161 buriam
1881 1091 1910 1148 et
1930 1083 2026 1148 altero
2047 1085 2147 1166 capite
2166 1084 2236 1148 inde

409 1206 563 1274 abnttnnte
578 1221 671 1284 super
685 1212 885 1269 tenementum
907 1193 1004 1285 nuper
1020 1203 1137 1268 abbatis
1158 1212 1188 1268 et
1202 1206 1516 1282 conventuserempti
1532 1203 1707 1266 monasterii
1728 1205 1825 1266 sancti
1839 1201 1948 1266 Albani
1963 1217 2068 1266 versos
2090 1210 2235 1266 austrum.

408 1322 477 1405 Que
502 1323 623 1404 quidem
644 1324 798 1407 mesangia
826 1338 923 1404 nuper
950 1321 1073 1388 fuerunt
1100 1322 1287 1405 blargarote,
1315 1339 1412 1404 nuper
1440 1321 1544 1386 uxoris
1566 1319 1689 1384 llobcrti
1709 1319 1772 1384 llitz
1794 1319 1920 1398 Robsrt,
1950 1320 2005 1384 lilii
2031 1321 2154 1386 lloberti
2174 1321 2236 1386 un

408 1443 537 1521 ltobert,
559 1459 657 1522 nuper
678 1443 751 1507 civis
773 1451 802 1506 et
823 1443 941 1524 groceri
961 1441 1117 1519 London.,
1140 1449 1169 1506 el
1190 1459 1249 1521 que
1271 1457 1369 1522 nuper
1388 1441 1550 1504 habuimus
1572 1440 1660 1503 nobis
1680 1446 1710 1502 et
1730 1438 1892 1505 heredibus
1913 1441 2025 1504 nosbis
2046 1457 2084 1504 ex
2105 1439 2187 1504 dono
2207 1450 2237 1505 et

409 1564 603 1629 concessione
623 1561 758 1628 eiusdem
779 1560 959 1644 Margarete.
1001 1561 1124 1626 Necnon
1146 1560 1300 1639 dedimus,
1331 1561 1534 1624 concessimus
1554 1566 1584 1622 ot
1603 1574 1660 1640 per
1679 1567 1834 1640 presentes
1856 1557 1963 1624 damus
1983 1567 2015 1623 et
2034 1560 2235 1638 concedimus,

407 1697 465 1760 pro
487 1681 574 1746 nobis
596 1688 626 1743 ct
640 1680 801 1746 heredibus
823 1682 944 1758 nostris,
966 1679 1092 1762 prelatis
1114 1680 1343 1756 mercatoribus,
1367 1677 1518 1758 quoddam
1542 1688 1751 1744 tentonicorum
1772 1697 1810 1743 nc
1831 1674 1950 1765 lupum
1971 1677 2123 1756 adiacens,
2145 1679 2234 1743 simul

409 1817 478 1866 cum
499 1800 637 1864 omnibus
659 1799 931 1878 commoditatibus,
954 1801 1137 1864 aisiamentis
1159 1807 1188 1863 et
1210 1800 1317 1862 ceteris
1333 1799 1395 1862 suis
1416 1797 1610 1876 pertineneiis
1624 1815 1660 1862 nc
1681 1797 1799 1862 iuribus
1815 1797 2070 1876 quibuscumque,
2093 1797 2236 1878 predictis

409 1927 576 1986 tenemento
594 1927 625 1982 et
640 1919 723 2000 layo
741 1919 917 1998 qualiter1)
935 1919 1148 1998 spectantibus,
1170 1920 1280 1982 situata
1296 1919 1325 1982 in
1342 1916 1458 1983 venelia
1475 1923 1580 1980 noenta
1599 1913 1868 2002 Windcposelonc
1885 1916 1915 1979 in
1934 1916 2081 1994 parochia
2093 1915 2234 1988 Omnium

409 2035 589 2106 Sanctorum
605 2039 752 2120 predicta,
774 2038 898 2116 scilicet,
921 2039 998 2102 inter
1016 2045 1215 2104 tenementum
1234 2054 1331 2118 nuper
1346 2035 1550 2100 bartholomei
1567 2035 1736 2120 Fresllyng,
1759 2044 1898 2116 exparte
1912 2036 2062 2114 orientali,
2082 2044 2111 2101 et
2124 2037 2234 2118 layum

409 2165 548 2222 nonaum
564 2154 856 2245 Estcrln'npcsbnlle
878 2175 914 2220 ex
929 2163 1016 2237 parte
1035 2156 1221 2233 occidentali,
1244 2164 1274 2219 et
1294 2173 1405 2236 aquam
1420 2153 1550 2218 mames
1566 2171 1604 2218 ex
1622 2162 1709 2233 parte
1725 2157 1860 2234 australi,
1882 2163 1912 2220 et
1927 2163 2127 2220 tenementum
2141 2173 2237 2238 nnper

408 2273 715 2360 lladulpbiBlalreuei
734 2287 873 2358 exparte
890 2277 1072 2356 aquilonari.
1104 2273 1194 2356 Quod
1213 2273 1335 2355 quidem
1354 2281 1566 2350 tenementum,
1590 2289 1659 2336 num
1670 2273 1751 2356 hoyo
1763 2274 1919 2339 adiacente
1930 2277 2032 2339 etsnis
2046 2275 2235 2356 pertinenciis

408 2395 670 2476 predictisnnper
691 2394 748 2460 luit
768 2395 887 2460 abbatis
909 2395 1036 2477 predicti
1059 2367 1234 2460 monasterii
1255 2391 1356 2458 &nen
1378 2391 1487 2458 Albani
1509 2401 1538 2455 et
1560 2391 1693 2456 atumem
1715 2392 1775 2458 loci
1796 2401 1974 2470 conventus,
2003 2400 2033 2458 et
2053 2393 2147 2473 qnod,
2169 2409 2235 2457 cnm

408 2515 491 2596 lrayo
513 2521 543 2580 et
563 2517 626 2579 suis
647 2515 842 2593 pertinenciis
863 2513 1023 2594 predictis,
1056 2529 1154 2592 nuper
1173 2512 1335 2579 babuimus
1356 2512 1444 2577 nobis
1465 2519 1495 2574 et
1515 2509 1677 2576 heredibus
1699 2513 1826 2586 nostris,
1860 2517 1897 2574 e'x
1917 2512 1998 2577 dono
2020 2519 2049 2576 et
2076 2511 2236 2576 traditione

409 2634 547 2716 magistri
566 2631 725 2698 Willielmi
746 2631 1015 2713 bndtey‚.decani
1036 2631 1152 2714 capelle
1174 2631 1302 2713 hospicii
1323 2632 1434 2708 nostri,
1463 2631 1599 2713 magistri
1619 2628 1765 2695 lobannis
1787 2628 1960 2709 Guntborp,
1983 2628 2090 2694 decani
2112 2629 2236 2694 ecclesie

410 2751 592 2822 cathedralis
609 2750 783 2830 wellensis,
805 2760 835 2816 et
851 2751 990 2834 magistri
1006 2721 1166 2817 Willielmi
1180 2749 1311 2834 llatclyl,
1327 2752 1480 2814 secremrii
1499 2749 1612 2826 nostri3
1635 2747 1774 2813 habenda
1793 2757 1823 2813 et
1840 2749 1968 2814 tenenda
1983 2750 2086 2814 omnia
2102 2749 2236 2830 predicta

410 2872 577 2954 menisgin,
600 2879 707 2950 terras,
730 2879 898 2936 tenemeuta
916 2880 945 2936 et
962 2871 1022 2935 alia
1040 2872 1275 2952 premissorum
1291 2869 1495 2950 pertinenciis,
1517 2865 1642 2948 prelatis
1658 2869 1877 2934 mercatoribus
1887 2877 1917 2933 ot
1927 2867 2153 2933 successoribus
2163 2869 2235 2944 auis,
2310 2947 2317 2958 ·

408 2996 481 3067 tute,
503 2989 608 3068 libere,
631 2991 730 3068 quiete
748 2993 825 3055 etin
844 3007 930 3070 pane,
953 2991 1186 3072 imperpetuum,
1204 2989 1321 3069 absque
1337 2988 1440 3068 aliquo
1456 2988 1545 3052 nobis
1560 2987 1608 3050 vol
1624 2986 1787 3052 heredibus
1804 2988 1916 3053 nostris
1933 2986 2002 3052 inde
2018 2986 2173 3052 reddendo
2190 2987 2237 3050 rel

410 3106 560 3172 laniando.
604 3106 708 3186 Quare
727 3107 867 3172 nolumus
883 3116 912 3171 el
930 3107 1057 3174 llrmiter
1070 3109 1265 3189 precipimus,
1287 3123 1344 3188 pro
1361 3106 1449 3170 nobis
1471 3114 1501 3169 et
1520 3105 1682 3170 heredibus
1703 3108 1814 3172 nostris
1835 3107 1988 3188 predictis,
2011 3106 2092 3186 quod
2111 3105 2238 3187 predicti

409 3225 593 3292 mercatores
604 3226 776 3290 habeantet
787 3229 974 3292 teneantsibi
985 3227 1249 3293 etsrecessuribus
1260 3227 1333 3302 suis,
1345 3225 1377 3288 in
1388 3222 1643 3305 lormapredicto,
1656 3227 1758 3290 omnia
1769 3225 2087 3308 etsingulapromissa
2099 3229 2238 3290 cumsuis

408 3347 607 3427 pertiuentiis,
630 3345 744 3426 absque
762 3345 962 3425 impeticione,
984 3347 1208 3426 impedimento,
1230 3343 1458 3425 perturbatione
1476 3346 1715 3426 seugraeamine
1729 3344 1883 3408 nosnivel
1895 3343 2040 3409 heredum
2052 3352 2237 3422 nostrorum,

409 3465 654 3542 iusticieriorum,
677 3471 874 3542 escnetorum,
893 3465 1112 3542 vicecomitum,
1129 3471 1344 3528 coronatorum
1358 3479 1413 3526 seu
1429 3461 1558 3528 aliorum
1575 3462 1759 3528 balliuorum
1776 3463 1823 3526 nel
1840 3464 2047 3528 ministrorum
2064 3473 2239 3530 nostrorum

409 3583 456 3648 nel
474 3582 618 3648 heredum
638 3590 812 3647 nostrorum
834 3599 1093 3663 quorumcumque
1099 3602 1110 3661 ;
1134 3582 1262 3662 eoquod
1283 3597 1425 3662 expressa
1442 3583 1559 3646 mencio
1577 3584 1616 3646 de
1632 3599 1703 3646 nero
1720 3583 1822 3648 valore
1837 3597 1939 3646 annuo
1954 3585 2173 3663 premissorum
2193 3584 2239 3646 rel

409 3702 537 3766 alicuius
553 3718 667 3779 eorum,
687 3710 740 3764 out
750 3701 787 3766 de
798 3702 866 3766 aliis
877 3701 965 3768 donis
975 3705 1038 3768 sive
1050 3703 1294 3766 concessionibus
1306 3699 1418 3764 eisdem
1430 3703 1648 3766 mercatoribus
1659 3711 1689 3768 et
1698 3702 1924 3768 successoribus
1935 3706 2009 3780 suis,
2030 3703 2075 3766 nel
2086 3703 2238 3783 aliquibus

408 3820 656 3902 predecessorum
671 3835 795 3886 suorum
811 3829 840 3884 et
854 3823 1080 3888 successoribus
1093 3824 1166 3900 suis,
1190 3822 1236 3885 nel
1250 3813 1350 3898 alitor,
1371 3835 1428 3898 per
1442 3835 1498 3886 uos
1512 3820 1560 3884 vel
1572 3823 1783 3904 progenitores
1796 3829 1849 3886 aut
1860 3821 2091 3899 predecessores
2107 3832 2238 3898 nostros,

409 3948 479 4002 ante
490 3937 546 4002 bec
558 3948 693 4018 tempora
703 3938 802 4020 lactis,
820 3944 851 4006 in
867 3943 1056 4020 presentibus
1072 3943 1195 4007 minime
1205 3938 1287 4004 lacta
1303 3941 1413 4018 exisbt,
1430 3949 1482 4004 aut
1499 3939 1602 4019 aliquo
1620 3947 1743 4022 statuto,
1762 3946 1841 4017 actu,
1858 3939 2051 4006 ordinacione
2061 3951 2120 4020 ⁴aut
2134 3941 2239 4023 aliqua

409 4058 470 4123 alia
489 4075 533 4141 re,
557 4074 649 4122 nausa
665 4059 712 4122 rel
731 4061 856 4123 materia
879 4078 1057 4141 quacunque
1079 4078 1139 4125 non
1162 4060 1362 4126 obstantibus.
1405 4059 1438 4121 ln
1456 4059 1541 4122 cuius
1558 4062 1602 4120 rei
1620 4059 1821 4122 testimonium
1843 4059 1899 4124 bas
1915 4059 2018 4125 literas
2036 4069 2156 4126 nostras
2174 4062 2239 4125 lieri

408 4174 535 4242 lecimus
553 4184 700 4257 patentes.
732 4177 821 4243 l'este
838 4195 886 4244 me
904 4181 982 4260 ipso,
1001 4182 1082 4264 apud
1099 4181 1416 4260 westmonasterium,
1439 4178 1581 4240 vicesimo
1603 4185 1711 4241 octauo
1732 4177 1782 4241 dic
1797 4176 1922 4260 Aprilis,
1945 4197 2025 4244 anno
2041 4185 2128 4263 regni
2144 4181 2240 4246 nostri

408 4301 514 4378 quinto
535 4297 663 4364 docimo.
705 4297 764 4363 Per
784 4300 884 4378 ipsum
905 4316 1019 4383 regem,
1041 4299 1129 4365 etde
1151 4299 1221 4364 data
1242 4298 1389 4380 predicta,
1411 4297 1587 4361 ancoritate
1608 4297 1811 4378 parliamenti.
2025 4299 2085 4364 lie.

409 4489 634 4592 cxxxu.
679 4508 759 4590 ner
788 4509 999 4614 nminat
1027 4535 1075 4588 n
1103 4509 1264 4590 cnon
1300 4508 1488 4610 nnrnnqn
1523 4507 1586 4588 ne
1615 4533 1687 4590 oon
1716 4509 1794 4590 snm
1822 4515 1892 4590 nnc
1923 4509 1994 4590 aa
2024 4509 2237 4592 norm

582 4663 718 4743 Hnnsc
748 4662 926 4742 dnoclbot
956 4666 1267 4766 einpcqnnpenen
1298 4659 1639 4766 Vorpllicblnnpen.
1701 4661 1816 4764 1475,
1848 4662 1930 4744 Mon·
1951 4662 2013 4742 12.
2031 4661 2068 4766 ²)

558 4825 713 4892 Universis
733 4835 763 4891 et
789 4827 916 4908 singulis
939 4823 1051 4891 Christi
1080 4825 1219 4890 fidelibus
1245 4825 1283 4890 ad
1312 4843 1388 4907 quos
1415 4836 1570 4908 presentes
1604 4825 1689 4890 litere
1715 4829 1920 4906 pervenerint,
1954 4825 2104 4893 Robertus
2126 4829 2236 4910 Drope,

408 4944 516 5021 maior,
539 4951 567 5008 et
588 4948 787 5010 communitas
809 4945 936 5010 civitatis
958 4943 1105 5025 London.,
1129 4945 1257 5010 salutem
1279 4947 1310 5008 in
1332 4944 1461 5008 Domino
1483 4945 1709 5024 sempiternam.
1757 4943 1885 5027 Propter
1907 4963 1995 5011 casus
2019 4951 2119 5013 varios
2141 4965 2237 5012 emer-

564 5163 589 5231 ¹)
616 5165 694 5216 Anch
712 5165 748 5216 lm
766 5167 864 5218 llotnlo
883 5169 1031 5230 patentium
1049 5169 1134 5220 steht:
1162 5169 1275 5232 qnctitn
1297 5165 1339 5219 hir
1357 5166 1581 5232 qualitercunque.

561 5264 588 5332 ²)
615 5265 674 5318 Ans
691 5267 777 5320 elnam
795 5268 1015 5332 bamhnrglscbsn
1033 5269 1252 5334 coptu-unche.
