4914 6254
383 537 441 622 86
1155 519 1267 616 lotio,
1293 523 1357 596 Mei
1385 519 1444 592 12.

386 841 443 888 van
476 813 663 885 Dordreclrt
702 813 781 878 unde
817 813 859 876 oh
891 810 1025 876 anderen
1059 799 1178 874 vorsteu
1208 810 1291 874 ‘unde
1323 807 1426 874 steden
1458 807 1558 891 gedec
1592 807 1671 873 unde
1703 807 1795 891 gebat
1827 807 1945 872 hebben
1978 805 2057 886 unde
2084 809 2125 872 'so
2158 805 2221 870 rele

384 944 416 1006 in
444 940 531 1004 deme
563 937 656 1002 leston
685 931 878 1018 gearbeidet‚
911 933 964 996 dat
991 930 1029 994 de
1052 945 1181 1009 copman
1213 929 1243 991 bi
1271 929 1367 992 sicem
1390 927 1492 992 rechte
1513 927 1638 1004 blesen,
1672 930 1698 992 is
1728 925 1909 1008 uordrageu.
1953 925 2038 989 Unde
2064 924 2222 990 darumme

257 1135 262 1140 ,
386 1061 471 1126 sulke
499 1059 569 1122 host
597 1057 656 1121 deu
679 1071 777 1120 corso.
801 1050 905 1117 steden
933 1059 964 1114 to
986 1047 1175 1126 eutrichten,
1206 1064 1264 1128 eyn
1287 1047 1358 1111 islih
1380 1061 1437 1110 ven
1460 1045 1568 1112 dessen
1594 1047 1698 1112 steden
1726 1046 1778 1110 dat
1799 1063 1838 1110 au
1859 1046 1926 1110 sibe
1946 1044 2081 1110 oldesten
2104 1045 2220 1126 hringe,

386 1197 421 1244 so
448 1179 500 1244 dat
527 1176 678 1258 depende,
720 1173 757 1236 de
785 1181 816 1236 to
846 1169 901 1234 der
926 1164 1081 1257 dachvard
1113 1173 1241 1250 geroget
1272 1165 1340 1230 sind
1373 1165 1405 1230 ai
1437 1165 1532 1230 danne
1566 1167 1597 1229 ic
1622 1165 1806 1252 bringinghe
1831 1163 1888 1229 dar
1916 1179 1957 1244 up
1984 1164 2115 1242 spreheu
2142 1162 2221 1226 unde

386 1296 515 1364 bedacht
549 1294 663 1360 seollen
696 1309 753 1373 syn
787 1289 860 1371 myd
887 1286 996 1370 weghe
1025 1286 1063 1350 de
1090 1292 1280 1367 upgenecteo
1308 1284 1392 1350 stede
1425 1301 1481 1348 van
1512 1284 1617 1348 sulher
1646 1285 1717 1350 host
1743 1290 1889 1368 vornuget
1916 1282 2052 1348 werden.
2103 1281 2222 1346 Derane

386 1419 427 1482 oh
455 1416 493 1480 de
515 1431 614 1478 verse.
637 1412 722 1478 stede
749 1408 863 1474 scolien
892 1404 1074 1471 ruliemaeht
1101 1404 1234 1480 hebben,
1267 1420 1302 1467 so
1331 1421 1419 1468 verne
1446 1421 1478 1468 se
1506 1402 1559 1466 dat
1585 1406 1616 1468 in
1646 1402 1714 1467 dem
1744 1402 1867 1467 rechten
1896 1401 2015 1466 hebben
2041 1401 2157 1466 scolien
2183 1417 2223 1466 ne

386 1537 574 1622 erhenmisse
596 1533 652 1598 der
673 1531 767 1595 stede.

384 1755 524 1846 XCV.
570 1754 899 1862 implicemini
931 1752 989 1832 Vr.
1019 1759 1212 1858 portatici
1242 1751 1329 1830 rtem
1353 1749 1399 1829 ll.
1426 1749 1587 1834 nocete
1611 1773 1685 1832 ooo
1709 1748 1876 1850 souccy
1904 1749 1986 1828 ced
2010 1749 2047 1826 J.
2071 1745 2223 1846 Recede,

418 1921 480 1996 ein
505 1911 754 1994 Gremdetttclr
773 1917 814 1989 in
836 1907 1044 2011 Windepoe
1065 1905 1174 1986 hooc
1197 1914 1271 1985 eto.
1296 1931 1344 1984 nc
1364 1905 1487 2010 peden
1508 1903 1749 2004 condolemus,
1781 1903 1859 1982 Ate
1878 1929 1926 1982 ao
1949 1899 2006 1982 St.
2030 1901 2193 2000 Albane,

445 2075 559 2147 enter
580 2063 809 2166 moncione
835 2061 905 2140 der
925 2057 1157 2165 qeiellicleeo
1172 2059 1445 2138 immunitatem
1465 2084 1517 2137 ao
1541 2057 1760 2138 denserier.
1807 2055 1923 2157 12156,
1949 2055 2031 2136 Mei
2045 2053 2106 2134 12.
2122 2053 2156 2156 ¹)

540 2247 697 2324 henricus,
719 2244 774 2308 Dei
797 2244 900 2335 gracia
923 2258 979 2304 rex
999 2239 1107 2324 anglie
1129 2248 1158 2303 et
1179 2239 1317 2304 Ficancie
1340 2248 1369 2303 et
1391 2240 1532 2306 dominus
1554 2238 1713 2316 ilibernie,
1736 2240 1887 2317 omuibus,
1910 2237 1950 2302 ad
1971 2255 2048 2317 quos
2069 2245 2225 2318 presentes

388 2369 475 2434 litere
497 2369 702 2448 pervenerint,
725 2362 865 2428 salutem.
910 2357 1037 2436 Sciatis,
1072 2358 1154 2438 quod
1176 2359 1214 2424 de
1243 2360 1347 2440 gracia
1385 2355 1396 2440 ii
1433 2366 1536 2422 nostra
1557 2357 1684 2438 speciali
1704 2375 1740 2422 ac
1763 2374 1820 2437 pro
1842 2359 1922 2422 bono
1944 2365 1974 2420 ei
1995 2355 2142 2422 laudabili
2163 2373 2226 2420 ser·

387 2491 479 2566 ulcio,
502 2484 582 2567 quod
605 2484 733 2548 dilectus
755 2489 785 2544 et
806 2480 903 2546 tidelia
925 2485 1027 2542 noster
1049 2476 1228 2558 iiadulphus
1251 2475 1371 2540 Boteler
1392 2475 1430 2541 de
1450 2473 1593 2558 Sudeley,
1616 2476 1718 2553 miles,
1741 2477 1828 2540 nobis
1850 2474 2058 2556 multiphciter
2079 2473 2227 2554 impendit

388 2607 545 2684 indiesque
582 2602 593 2686 l
630 2600 804 2683 impendere
826 2615 888 2662 non
910 2596 1037 2672 desistit,
1059 2598 1263 2658 concessimus
1284 2611 1342 2676 pro
1364 2594 1451 2658 uobis
1474 2603 1504 2659 et
1525 2592 1686 2660 heredibus
1709 2599 1831 2672 nostris,
1854 2601 2001 2674 quantum
2020 2597 2051 2657 in
2064 2594 2152 2657 nobis
2170 2601 2225 2670 est,

389 2733 418 2790 et
439 2741 496 2804 per
518 2729 673 2803 presentes
696 2717 890 2782 concedimus
911 2722 941 2779 et
962 2715 1119 2778 licenciam
1149 2713 1288 2778 dedimus
1303 2713 1411 2778 eidem
1432 2712 1593 2794 liadolpho
1631 2709 1643 2796 ii
1679 2730 1716 2777 ac
1736 2713 1867 2778 iohanni
1889 2711 1991 2777 licnde
2021 2713 2147 2789 iuniori,
2177 2727 2226 2774 ar-

388 2845 521 2926 migero,
554 2840 635 2920 quod
659 2837 717 2920 ipsi
739 2852 829 2900 vnum
851 2835 1041 2916 mesuagium
1062 2834 1127 2896 siue
1151 2840 1351 2898 tenementum
1373 2848 1442 2896 eum
1464 2833 1535 2896 heio
1557 2831 1730 2909 adiacente,
1764 2831 1854 2894 simul
1882 2846 1950 2894 cum
1974 2831 2114 2894 omuibus
2137 2831 2226 2893 aisia-

383 2964 497 3028 ,mentis
519 2968 549 3024 et
571 2959 678 3024 ceteris
700 2957 763 3020 suis
784 2953 974 3036 pertinentiis
996 2968 1031 3016 ac
1053 2952 1171 3016 iuribus
1192 2951 1433 3031 quibuscumque
1454 2950 1598 3032 predictis
1626 2951 1781 3032 mesuagio
1809 2951 1875 3014 siue
1905 2956 2074 3014 tenemento
2101 2956 2130 3012 et
2156 2949 2225 3012 haio

389 3081 649 3161 qualitercumque
670 3074 899 3156 pertinentibus,
922 3071 1040 3138 situatis
1061 3072 1092 3133 in
1116 3069 1232 3134 venelia
1256 3079 1361 3134 vocata
1378 3068 1645 3153 Wyndegoselane
1667 3069 1698 3132 iu
1720 3068 1865 3150 parochia
1881 3066 2030 3133 Omnium
2047 3066 2226 3134 Sanctorum

389 3201 429 3266 ed
451 3199 553 3264 lenum
576 3194 713 3259 hondon.
736 3192 851 3257 scilieet
878 3190 958 3254 inter
987 3196 1187 3253 tenementum
1217 3205 1313 3268 nuper
1329 3186 1489 3252 -liartholdi
1512 3187 1683 3269 Flrestlyng
1705 3205 1743 3252 en
1771 3194 1856 3268 perte
1884 3187 2040 3266 orientali,
2075 3196 2104 3251 et
2126 3187 2225 3250 lraium

390 3326 529 3383 vocatum
551 3308 839 3400 Eaterlyopeslroll
860 3326 898 3372 en
919 3316 1007 3388 parte
1030 3305 1225 3384 occidentali,
1259 3325 1294 3370 ae
1317 3324 1427 3387 aquam
1449 3306 1605 3372 Thamisie
1627 3324 1665 3370 ex
1688 3315 1775 3388 parte
1796 3307 1939 3384 australi,
1973 3315 2002 3369 et
2025 3313 2226 3370 tenementum

388 3454 485 3518 nuper
507 3432 660 3514 liaduiphi
682 3431 835 3510 lilaheney
857 3445 894 3491 ex
916 3433 1002 3507 parte
1024 3426 1210 3508 aquilonari,
1240 3426 1314 3491 dare
1342 3427 1460 3507 possint
1487 3435 1516 3489 et
1544 3426 1709 3491 concedere
1730 3425 1847 3489 dilectis
1870 3425 1958 3489 nobis
1979 3425 2010 3487 in
2034 3421 2156 3504 Christo
2177 3421 2226 3484 lo

388 3555 493 3632 hanni,
516 3552 619 3618 abbati
641 3549 817 3615 monasterii
837 3551 902 3612 siue
924 3545 1044 3610 abbatie
1065 3545 1162 3610 saneti
1175 3543 1286 3608 Albani
1309 3544 1347 3608 de
1369 3543 1439 3608 villa
1463 3541 1500 3608 de
1521 3552 1627 3608 sancto
1642 3542 1770 3608 nirano.
1793 3551 1822 3608 et
1843 3543 1977 3609 eiusdem
1991 3543 2052 3607 loci
2069 3543 2226 3608 couventui

389 3670 562 3736 habendum
585 3677 615 3734 et
636 3667 794 3733 tenendum
818 3666 875 3730 sibi
898 3673 927 3728 et
948 3664 1175 3728 suecessoribus
1197 3665 1260 3728 suis
1281 3663 1515 3744 imperpetuum.
1558 3662 1596 3726 lit
1624 3661 1736 3728 eisdem
1759 3663 1862 3726 abbati
1884 3671 1913 3726 et
1935 3664 2114 3739 concentui,
2148 3661 2226 3740 quod

391 3793 449 3872 ipsi
472 3787 551 3854 idem
574 3791 764 3870 mesuagium
786 3789 852 3849 siue
875 3792 1075 3848 tenementum
1099 3790 1128 3845 et
1149 3783 1252 3846 haiom
1276 3798 1344 3846 cum
1367 3783 1551 3848 aisiameutis
1573 3791 1602 3846 et
1624 3783 1732 3846 ceteris
1755 3783 1819 3846 suis
1844 3783 2034 3861 pertinentiis
2055 3798 2092 3848 ac
2114 3779 2227 3870 iuribus

391 3909 642 3988 quibuscumque,
663 3906 807 3987 predictis
830 3904 986 3984 mesuagio
1009 3902 1074 3966 siue
1096 3910 1265 3966 tenemento
1288 3909 1317 3966 et
1339 3901 1410 3965 haio
1432 3901 1692 3982 qualitercumque
1713 3902 1943 3981 pertinentibus,
1966 3901 2004 3965 de
2026 3901 2153 3982 prelatis
2172 3900 2226 3964 lia·

391 4025 506 4106 dolpho
528 4033 558 4088 et
578 4023 715 4088 iohanne
737 4026 873 4103 recipere
894 4021 1014 4102 possint
1035 4029 1064 4084 et
1085 4027 1186 4086 tenere
1207 4021 1267 4086 sibi
1288 4027 1317 4083 et
1343 4021 1570 4086 successoribus
1597 4023 1661 4084 suis
1691 4022 1925 4102 imperpetuum.
1970 4017 2118 4088 Similiter
2139 4020 2226 4094 licen-

391 4147 470 4209 ciam
492 4142 631 4208 dedimus
653 4141 833 4222 specialem,
867 4139 1002 4204 nolentes
1024 4140 1104 4220 quod
1120 4118 1255 4222 'predicti
1277 4139 1456 4220 lindolphus
1483 4147 1512 4205 et
1533 4138 1686 4204 lohannes
1713 4147 1768 4210 ,aut
1793 4139 1919 4214 heredes
1948 4141 1997 4203 sui
2024 4146 2077 4202 aut
2104 4137 2229 4218 predicti

391 4265 486 4330 abbas
508 4273 538 4328 et
560 4269 726 4327 conuentus
748 4277 801 4324 seu
823 4275 1015 4324 successores
1036 4260 1095 4338 sui,
1117 4260 1239 4324 racione
1262 4260 1492 4340 premissorum,
1513 4275 1569 4339 per
1591 4275 1647 4322 nos
1670 4259 1715 4324 rel
1738 4258 1864 4324 heredes
1886 4264 2016 4336 nostros,
2039 4257 2230 4332 iudiciarios,

390 4391 572 4462 eseeetores,
596 4382 796 4458 vicecomites,
820 4387 1016 4444 coronatores
1038 4387 1091 4442 eut
1111 4378 1190 4442 alios
1211 4377 1343 4443 baliioos
1362 4393 1419 4442 seu
1441 4379 1595 4442 ministros
1618 4385 1738 4442 nostros
1760 4391 1968 4456 quoscumque
1990 4375 2100 4441 luturis
2116 4382 2229 4453 tempo·

390 4503 476 4566 ribus
502 4501 698 4577 molestetur,
740 4500 918 4580 impetatur,
952 4498 1135 4580 inquietetur
1160 4496 1191 4560 in
1221 4495 1324 4576 aliquo
1354 4513 1407 4560 seu
1437 4504 1597 4580 grauetur,
1633 4496 1846 4573 molestentur,
1880 4496 2082 4574 impetantur,
2117 4471 2230 4572 inqeie-

390 4629 491 4685 tentur
511 4623 542 4684 in
566 4621 669 4700 aliquo
692 4635 745 4708 seu
768 4627 944 4702 grauentur.
989 4615 1107 4682 statuto
1130 4614 1167 4679 de
1191 4616 1279 4680 terris
1300 4621 1330 4678 et
1352 4617 1528 4678 tenementis
1551 4615 1590 4698 ad
1612 4630 1736 4678 manum
1750 4621 1901 4686 mortuam
1920 4611 2140 4694 conponendis
2153 4611 2231 4676 edito

392 4755 451 4800 non
471 4737 619 4815 obstante,
642 4736 715 4800 dum
732 4743 831 4800 tameo
854 4751 910 4814 per
926 4737 1140 4815 inquisiciones
1163 4733 1232 4798 inde
1251 4731 1349 4796 debite
1368 4731 1531 4812 capiendas
1553 4742 1582 4798 et
1604 4737 1633 4796 in
1652 4733 1867 4798 cancellariam
1881 4739 2017 4796 nostram
2031 4731 2076 4826 uel
2088 4729 2232 4804 heredum

392 4863 566 4921 nostrorum
588 4857 646 4919 rite
668 4853 866 4918 retornandas
889 4862 1078 4935 compertum
1101 4853 1155 4930 sit,
1189 4850 1323 4931 quodid
1346 4851 1413 4916 lieri
1433 4856 1531 4933 possit
1558 4854 1672 4932 absque
1694 4851 1828 4931 dampno
1858 4866 1911 4914 seu
1941 4849 2110 4930 prciudicio
2139 4849 2232 4915 nostri

391 4975 438 5040 rel
460 4972 606 5038 heredum
629 4981 804 5038 nostrorum
825 4981 878 5037 aut
899 4973 1029 5038 aliorum
1051 4985 1321 5052 quorumcumque
1367 4969 1399 5034 ln
1420 4975 1507 5036 cuius
1530 4973 1573 5036 rei
1597 4971 1800 5045 testimouium
1825 4968 1881 5038 has
1903 4968 2007 5036 literas
2029 4975 2151 5036 nostres
2169 4965 2234 5034 lieri

551 5225 574 5290 ¹)
600 5223 661 5278 hus
680 5227 752 5278 einer
771 5227 968 5292 gleichzeitigen
987 5225 1321 5291 Perennem-Absobritt.
