4914 6254
385 602 444 682 50
1160 592 1269 690 mar,
1294 597 1367 668 run
1394 593 1453 666 ιτ.
1511 544 1516 552 ’

388 892 570 950 attenuatum
594 891 730 948 nostrum
752 881 790 946 ad
813 881 1020 961 recipiendum
1044 883 1166 946 nomine
1188 890 1292 945 nestro
1314 849 1343 944 fet
1364 897 1422 962 pre
1443 881 1532 946 nohis
1554 880 1751 960 delehanpa,
1773 897 1872 963 nuper
1893 897 1985 946 uxore
1996 877 2224 945 llicardiBelee-

387 1003 470 1080 land,
501 1005 574 1067 ciris
596 1003 669 1067 dnm
692 1001 764 1064 vixit
786 1009 816 1064 et
836 999 1013 1064 mereatoris
1037 997 1183 1077 bonden,
1211 1001 1335 1081 plenam
1356 1008 1386 1062 et
1407 999 1564 1081 pectenem
1587 1002 1730 1064 saisinam
1751 1001 1790 1065 de
1811 1009 1841 1063 et
1863 1001 1892 1063 ie
1915 999 1970 1065 ille
2007 997 2018 1078 ll
2055 1006 2225 1063 tenemento

388 1137 457 1186 curn
480 1122 561 1203 lraye
584 1120 751 1197 adiacente,
774 1119 865 1184 simul
888 1135 956 1183 cum
979 1119 1121 1182 omnibus
1143 1119 1423 1194 commoditatibus,
1447 1117 1636 1206 aisiameetis
1654 1126 1683 1182 et
1704 1119 1813 1183 ceteris
1834 1120 1897 1182 suis
1919 1119 2107 1198 pertinentiis
2129 1125 2158 1179 et
2179 1117 2225 1179 in-

387 1240 473 1303 rihus
493 1239 733 1318 quibuscumque
755 1237 892 1318 predicto
915 1243 1083 1301 tenemento
1105 1244 1136 1300 ot
1157 1237 1237 1319 layo
1251 1237 1511 1316 qualitercunque
1520 1237 1734 1318 spectantibus,
1757 1238 1874 1300 situatis
1889 1236 2046 1300 invenella
2061 1241 2167 1298 iocata
2197 1232 2208 1312 ΙΙ

386 1357 653 1440 Wyndegeselane
674 1359 706 1420 in
733 1357 879 1439 parocbia
901 1354 1045 1419 Omnium
1068 1338 1250 1420 Sanctorum
1279 1355 1319 1420 nd
1342 1354 1445 1418 lenem
1467 1355 1621 1434 Lentem,
1650 1356 1765 1420 seilicet
1793 1359 1872 1418 inter
1901 1362 2100 1418 tenementum
2128 1368 2224 1431 nuper

386 1476 592 1540 bartholomei
613 1473 787 1559 birestlyng
806 1491 844 1540 er
865 1481 952 1554 pane
973 1473 1125 1552 orientali,
1148 1481 1177 1537 et
1198 1473 1313 1554 layum
1335 1482 1473 1538 venatum
1496 1469 1791 1559 Esterlo'npeeholle
1812 1491 1850 1536 ex
1871 1481 1959 1552 parte
1979 1470 2173 1546 occidentali,
2195 1478 2224 1533 et

388 1596 503 1674 aquam
522 1593 676 1658 Thamisie
698 1612 734 1657 ex
758 1601 844 1674 parte
865 1593 1008 1670 australi,
1032 1609 1067 1654 an
1090 1600 1292 1656 tenementum
1316 1608 1412 1671 nuper
1434 1591 1587 1672 hadulphi
1609 1591 1763 1673 blaheney
1785 1609 1822 1655 en
1844 1599 1931 1672 parte
1953 1590 2141 1670 aquilonari,
2170 1589 2223 1652 ba-

387 1713 520 1778 bendum
542 1721 572 1776 et
589 1711 748 1776 tenendum
767 1711 936 1790 predictum
953 1717 1155 1774 tenementum
1178 1725 1246 1773 cum
1268 1710 1349 1790 layo
1372 1709 1527 1774 adiacente
1548 1719 1578 1773 et
1599 1711 1663 1773 suis
1683 1711 1871 1788 pertinentiis
1893 1711 2040 1774 uniuemis
2060 1708 2205 1787 predictis
2212 1726 2223 1785 3

388 1832 477 1896 nohis
493 1829 613 1911 prelato
632 1829 763 1893 llenrino
783 1826 931 1892 cardinali
951 1845 986 1891 ac
1003 1828 1160 1892 Willelme
1172 1827 1334 1909 hlnewyh,
1357 1829 1556 1908 permissione
1573 1829 1675 1892 diuina
1692 1827 1895 1892 lincolniensi
1918 1829 2072 1910 episcopo,
2094 1824 2224 1892 iohanni

334 1945 336 1950 ’
387 1949 496 2030 neap,
532 1949 654 2027 capitali
677 1948 784 2012 berned
806 1947 953 2011 scaenarii
975 1946 1090 2009 domini
1114 1947 1204 2028 regis,
1226 1945 1358 2008 iohanni
1380 1944 1507 2023 brello,
1531 1947 1647 2010 niui‘et
1668 1946 1866 2010 aldermanne
1890 1945 2037 2023 houden,
2060 1954 2089 2009 et
2109 1945 2224 2010 Tbeme

388 2065 572 2145 liethewell,
594 2065 758 2130 heredibus
779 2072 809 2128 et
830 2067 994 2148 assignatis
1016 2068 1139 2142 nostris,
1162 2065 1384 2144 imperpetuum
1407 2063 1572 2128 seeundum
1594 2066 1671 2142 rim,
1706 2063 1836 2128 sormam
1858 2072 1888 2128 et
1909 2063 2045 2129 ellectum
2068 2063 2224 2127 nmusdam

387 2193 472 2248 carte
491 2183 675 2249 leollamenti
696 2200 753 2262 per
773 2182 924 2263 prolatam
945 2181 1114 2246 iohannem
1137 2183 1235 2259 nobis,
1257 2180 1545 2263 predicteJlenrico
1567 2182 1715 2246 cardinali
1737 2199 1773 2246 ac
1794 2183 1939 2263 predictis
1960 2181 2115 2246 Willelmo
2134 2181 2225 2245 hlne·

386 2304 472 2384 wyte,
496 2304 650 2383 episcopo,
673 2301 803 2365 iohanni
825 2300 937 2366 Brelrle
958 2308 988 2364 et
1007 2300 1124 2364 Thome
1145 2298 1314 2364 liethewell
1338 2300 1408 2363 inde
1430 2298 1578 2364 contente:
1611 2309 1710 2364 ratum
1733 2308 1762 2363 et
1784 2309 1905 2384 gratum
1927 2300 2058 2364 habituri
2080 2301 2224 2379 quicquid

386 2422 485 2486 dictus
506 2427 675 2484 alternatus
698 2427 801 2484 nester
823 2417 928 2482 lecerit
949 2420 1072 2481 nomine
1093 2425 1198 2482 nostro
1220 2421 1251 2480 in
1273 2422 1430 2497 premissis
1452 2418 1529 2481 adeo
1543 2419 1671 2499 precise,
1693 2422 1772 2482 sieut
1785 2417 1988 2498 personaliter
2000 2420 2223 2482 interessemus.

385 2538 420 2602 ln
442 2540 528 2602 cuius
550 2539 595 2601 rei
616 2539 820 2601 testimonium
842 2536 977 2618 sigillum
1000 2544 1137 2599 nostrum
1161 2536 1352 2614 presentibus
1373 2545 1419 2599 est
1439 2550 1620 2616 appensum.
1663 2535 1773 2600 Datum
1795 2537 1914 2601 decimo
1935 2538 2064 2616 septime
2077 2538 2128 2599 die
2141 2553 2224 2600 men-

387 2659 429 2720 sis
451 2656 542 2732 lunii,
565 2671 646 2719 anno
669 2658 755 2737 regni
777 2656 858 2736 regis
880 2653 1003 2718 henrici
1024 2655 1101 2718 sexti
1124 2662 1194 2734 post
1216 2661 1412 2732 conquestum
1435 2653 1670 2734 quintodecimo.
1903 2653 2069 2719 Claidinbe.

385 2875 577 2961 hXXX.
622 2880 817 2979 dolone,
850 2879 922 2959 des
951 2880 997 2959 R.
1029 2879 1236 2960 Bolselond
1272 2880 1434 2981 Wiltroe,
1465 2881 1671 2983 dderlrdpl
1701 2880 1788 2960 dem
1821 2878 2012 2960 Gordenoi
2040 2880 2225 2960 Heinrich

490 3034 572 3112 end
602 3039 737 3112 seneen
765 3031 966 3112 Gonoessa
994 3032 1056 3111 aba
1084 3028 1333 3112 Grundsldnlr
1362 3039 1432 3112 mil
1463 3031 1549 3112 dem
1573 3033 1657 3134 Καρ]
1686 3038 1734 3144 in¹
1759 3031 1977 3136 andepes
1999 3031 2119 3112 Leton.

1145 3183 1264 3286 1437,
1294 3187 1388 3266 duni
1413 3186 1474 3264 17.

539 3363 643 3432 Sciant
665 3375 820 3446 presentes
842 3372 871 3428 et
893 3364 997 3441 littori,
1019 3363 1101 3443 quod
1123 3381 1191 3447 ego,
1207 3364 1361 3443 lohanna,
1385 3382 1482 3446 nuper
1503 3366 1710 3430 uxorllieardi
1725 3363 1889 3444 beheland,
1912 3369 1985 3431 cinis
2007 3367 2079 3430 dune
2101 3367 2174 3429 sinit
2195 3375 2224 3430 et

385 3485 562 3548 mercatoris
577 3453 727 3560 london,
750 3479 781 3546 in
799 3499 875 3563 pura
892 3482 1092 3560 videetate1)
1109 3499 1176 3548 mea
1194 3491 1223 3547 et
1249 3480 1260 3566 ll
1289 3483 1424 3566 legitima
1444 3493 1592 3564 potestate
1611 3483 1690 3561 dedi,
1713 3487 1848 3550 concessi
1868 3492 1897 3548 et
1915 3484 1974 3549 hae
1989 3489 2122 3563 presenti
2139 3493 2222 3549 carta

385 3619 451 3667 men
480 3597 657 3667 conflrmaui
674 3601 815 3678 hennon,
837 3602 1039 3680 permissione
1063 3601 1166 3665 diuina
1187 3601 1337 3665 cardinali
1353 3601 1472 3686 hughe,
1494 3601 1653 3666 Willelme
1671 3602 1834 3684 hlnewylr,
1861 3599 1872 3682 {l
1899 3604 2097 3682 permissione
2118 3604 2222 3667 diuina

384 3719 587 3784 lincolniensi
606 3724 760 3800 episcopo,
782 3719 912 3783 lebanni
930 3719 1018 3800 Fray,
1041 3719 1165 3801 capitali
1182 3720 1289 3785 baroni
1306 3723 1450 3784 scaccarii
1462 3719 1582 3800 {domini
1600 3722 1691 3804 regis,
1712 3720 1843 3785 lehonni
1863 3719 1984 3797 Brulde,
2007 3723 2066 3784 nini
2085 3722 2223 3785 etalder-

384 3853 497 3902 manno
519 3829 655 3915 Lende'n,
678 3846 707 3902 et
723 3837 872 3920 'rhomen
897 3836 1067 3902 llothewell
1090 3847 1185 3901 totum
1208 3847 1409 3902 tenementum
1433 3855 1533 3902 meum
1555 3855 1624 3902 curn
1647 3840 1728 3919 haye
1751 3839 1907 3904 adiacente
1927 3838 2009 3918 (soie
2031 3837 2067 3905 r'e
2089 3838 2222 3906 emher-

384 3952 547 4041 peheader
566 3951 722 4020 Urkonde
744 3953 821 4035 dis)
848 3955 1030 4035 aquilonari.
1075 3954 1166 4035 Quod
1188 3973 1259 4021 vero
1281 3956 1490 4035 supradictum
1513 3965 1713 4020 tenementum
1735 3971 1803 4020 num
1826 3958 1906 4038 hoyo
1928 3957 2084 4022 adiacente
2105 3967 2134 4022 et
2154 3959 2223 4023 aliis

384 4077 449 4138 suis
471 4074 659 4154 pertinentiis
688 4072 847 4136 antedictis
873 4072 1009 4154 prelatus
1031 4073 1178 4139 Ricardus
1200 4073 1356 4138 &leland
1382 4079 1443 4138 iam
1465 4071 1626 4138 dehnetns
1653 4082 1683 4138 et
1704 4091 1778 4158 ego,
1807 4075 1943 4156 predicta
1964 4077 2120 4155 debanna,
2153 4085 2223 4142 tune

384 4209 462 4256 uxor
483 4195 566 4268 eius,
596 4206 693 4269 nuper
715 4191 898 4260 coniunctim
920 4190 1082 4255 habuimus
1104 4193 1208 4268 nohis,
1237 4191 1399 4256 heredibus
1421 4200 1450 4256 et
1471 4192 1633 4275 assignatis
1655 4197 1767 4257 nostris
1787 4195 2010 4277 imperpetuum
2033 4214 2069 4259 ex
2091 4197 2224 4260 donent

385 4308 580 4374 leollamente
602 4307 753 4373 Willelmi
774 4307 911 4388 llayten,
942 4308 1058 4387 clerici,
1088 4309 1260 4375 habendum
1284 4319 1314 4374 et
1336 4309 1497 4375 tenendum
1520 4319 1614 4374 tetum
1636 4311 1805 4389 predictum
1829 4322 2029 4378 tenementum
2051 4331 2120 4378 cum
2143 4316 2222 4395 layo

383 4428 556 4504 adiacente,
590 4427 681 4490 simol
715 4442 784 4491 cum
818 4426 959 4490 omnibus
992 4427 1271 4504 commoditatibus,
1305 4430 1490 4493 aisiamentis
1523 4438 1552 4492 et
1585 4435 1693 4494 ceteris
1720 4432 1783 4495 suis
1815 4433 2005 4512 pertinentiis
2037 4447 2072 4495 ac
2107 4433 2222 4496 iuribus

384 4548 545 4622 uniuersis,
565 4543 711 4632 predictis
733 4550 905 4608 tenemento
927 4551 955 4608 et
977 4545 1058 4625 hoyo
1081 4546 1340 4626 qualitercumque
1358 4547 1571 4626 spectantibus,
1593 4547 1719 4629 prelatis
1737 4548 1879 4627 ilenrico,
1903 4554 2103 4631 permissione
2118 4551 2222 4614 diuina

384 4663 543 4742 cardinali,
566 4661 723 4725 Willelme
745 4667 911 4742 episeopo,
931 4662 1063 4726 lohanni
1084 4663 1179 4744 Fray,
1200 4663 1333 4728 iohanni
1354 4663 1465 4730 Brolrle
1491 4675 1520 4729 et
1541 4665 1657 4731 lbeme
1678 4665 1858 4745 lletbewell,
1882 4667 2043 4734 heredibus
2066 4676 2095 4731 et
2116 4685 2221 4732 eorum

383 4783 547 4864 assignatis
569 4782 801 4862 imperpetuum,
825 4779 863 4844 de
880 4781 1061 4862 capitalibus
1079 4781 1210 4846 dominis
1228 4781 1310 4847 leodi
1332 4781 1413 4848 illius
1435 4801 1491 4862 per
1507 4786 1635 4848 seruicia
1657 4784 1727 4848 inde
1748 4785 1848 4850 debita
1871 4786 1959 4850 etde
1981 4789 2045 4850 iure
2067 4795 2222 4851 consueta.

383 4899 417 4962 ln
446 4902 531 4962 cuius
559 4900 603 4963 rei
629 4900 834 4962 testimonium
866 4899 938 4964 huie
965 4901 1098 4979 presenti
1127 4909 1211 4964 carte
1236 4917 1303 4966 mee
1331 4901 1466 4984 sigillum
1500 4920 1600 4968 meum
1629 4907 1775 4984 apposui,
1812 4903 1950 4968 iohanne
1978 4903 2116 4982 Micbell,
2150 4913 2222 4968 tnnc

382 5017 500 5080 maiore
522 5016 651 5080 ciuitatis
673 5016 816 5095 London,
849 5015 967 5082 Thema
989 5017 1141 5083 hlorstede
1163 5027 1193 5082 et
1213 5019 1372 5084 Willelmo
1394 5020 1552 5106 Gregory,
1585 5031 1656 5087 tnnc
1678 5023 1903 5088 vicecomitibus
1924 5022 2057 5089 eiusdem
2080 5025 2224 5102 ciuitatis,

540 5265 566 5334 ¹)
594 5265 656 5320 sot
673 5269 721 5320 nte
739 5269 808 5322 eben
827 5269 876 5322 lto.
889 5269 989 5324 exult
1006 5273 1060 5326 ond
1079 5274 1129 5326 No.
1143 5271 1265 5328 lxvtu.
