4998 6256
404 597 464 678 24
976 587 1085 687 tusa,
1112 593 1198 664 uua
1225 591 1284 664 to.
1309 629 1361 644 -
1388 587 1498 686 nael,
1525 591 1589 663 uas
1617 588 1677 662 ne.

404 883 544 966 xhlt.
589 884 713 991 Kttus‘p
734 882 911 964 Rlcbord
924 884 973 964 11.
996 883 1185 988 bertillipl
1205 883 1281 964 deo
1303 883 1479 988 Verlottf
1494 884 1566 966 den
1587 890 1689 965 citat
1709 884 1797 965 dero
1809 883 1857 964 ll
1872 883 2000 988 motta
2022 885 2242 991 peltdrt'petu

407 1039 483 1120 deu
513 1037 645 1118 Biller
675 1039 712 1116 J.
737 1036 910 1118 Cluoeoo
939 1036 1021 1118 cuod
1053 1035 1253 1117 Genneseu
1282 1061 1355 1118 oon
1383 1036 1472 1139 llum,
1507 1038 1593 1117 dem
1623 1036 1781 1141 Kdaipe,
1812 1036 2057 1119 oerllebeueu
2086 1036 2245 1118 Hoocec

430 1190 513 1270 oud
536 1191 622 1294 Καρ]
648 1215 699 1271 oo
724 1197 858 1271 ceuton
884 1188 1128 1296 Serpeoruteu
1150 1190 1190 1270 J.
1217 1188 1350 1296 Slo'eplt
1379 1191 1462 1271 uod
1487 1190 1631 1273 deoeeu
1654 1189 1795 1270 Debere
1855 1187 1980 1292 1383,
2014 1189 2124 1271 noos
2147 1188 2212 1270 16.

482 1359 486 1366 '
555 1355 714 1433 usuardus,
737 1354 791 1419 hei
813 1358 917 1438 gracia
940 1371 994 1418 ren
1015 1351 1126 1437 anglie
1147 1362 1177 1418 et
1199 1354 1324 1419 Francia
1345 1363 1376 1419 et
1403 1355 1545 1420 dominus
1565 1353 1724 1432 llibernie,
1754 1355 1896 1420 omnibus
1923 1353 1963 1420 ad
1988 1369 2067 1434 aptos
2087 1361 2243 1436 presentes

402 1473 500 1537 littere
522 1477 728 1553 peruenerint,
750 1473 892 1538 salutem.
936 1470 1057 1552 Sciatis,
1079 1473 1253 1552 quodcum
1276 1477 1419 1538 vicesimo
1441 1477 1528 1538 tertio
1551 1471 1600 1538 die
1621 1472 1751 1558 Augusti
1773 1472 1878 1538 ultimo
1898 1477 2043 1551 preterito
2056 1489 2112 1552 per
2126 1473 2242 1538 litteras

403 1599 525 1657 nostras
546 1600 684 1673 patentes
706 1593 880 1656 dederimus
901 1600 931 1655 et
952 1595 1192 1656 concesserimus
1213 1608 1271 1669 pro
1293 1592 1382 1656 nobis
1409 1599 1438 1656 et
1464 1591 1629 1658 heredibus
1656 1593 1768 1656 nostris
1793 1591 1924 1656 lobanni
1953 1588 2108 1668 Claurou,
2141 1591 2241 1668 militi,

402 1709 531 1775 Nicolao
553 1708 754 1788 Sbameiield,
777 1710 877 1788 militi,
900 1708 1056 1774 Willelmo
1078 1709 1173 1788 More
1197 1713 1257 1775 cini
1279 1719 1308 1774 et
1330 1714 1477 1776 vinetario
1498 1709 1706 1788 londonensi,
1729 1710 1824 1776 Panlo
1847 1707 1974 1792 Gysors,
1997 1709 2155 1774 Willelmo
2176 1709 2242 1776 Fet·

405 1829 552 1912 tyngdon,
576 1829 746 1908 capellano,
768 1835 798 1892 et
817 1829 948 1892 lobanni
971 1827 1140 1906 Boudiche,
1173 1827 1349 1907 capellano,
1377 1845 1468 1893 unum
1496 1831 1686 1912 mesuagium
1708 1844 1776 1893 cum
1799 1829 1926 1894 uberto
1947 1837 1978 1892 et
1998 1828 2069 1892 abis
2090 1832 2243 1908 pertinen·

404 1951 460 2012 ciis
483 1951 513 2010 in
528 1945 778 2030 Wyndegoslane
793 1951 823 2010 in
837 1948 945 2012 warda
963 1947 1001 2012 de
1015 1946 1169 2030 boregate
1186 1945 1323 2011 Loudon.
1345 1946 1427 2026 quod
1443 1963 1541 2027 nuper
1557 1945 1615 2012 luit
1638 1947 1760 2011 Ricardi
1774 1947 1891 2030 Lycus,
1915 1949 1967 2026 qui
1994 1945 2073 2012 illud
2094 1944 2133 2011 de
2153 1947 2241 2010 nohis

401 2069 507 2142 tenuit,
530 2074 560 2129 et
581 2064 663 2144 quod
689 2067 811 2145 qudem
835 2069 1023 2150 mesuagium
1046 2081 1115 2130 cum
1137 2064 1370 2132 whumoralet
1391 2081 1580 2146 perannum
1603 2073 1672 2130 octo
1695 2081 1815 2130 marcas
1836 2074 1866 2130 et
1887 2065 1925 2130 ad
1948 2080 2004 2129 uos
2026 2068 2157 2145 pertinet
2176 2071 2242 2130 tan

402 2199 494 2262 quam
517 2192 636 2248 escaeta
658 2192 778 2261 nostru,
807 2200 844 2248 eo
866 2183 947 2264 quod
970 2182 1124 2265 predictus
1146 2183 1296 2249 Ricardns
1318 2185 1480 2248 bastardus
1501 2182 1559 2247 luit
1580 2191 1609 2248 et
1630 2184 1705 2248 obiit
1726 2187 1791 2248 sine
1813 2183 1923 2252 herede
1944 2183 1983 2247 de
2004 2199 2054 2260 se,
2086 2185 2166 2246 sicut
2185 2198 2242 2262 per
2386 2257 2392 2263 ¹

364 2345 368 2354 .
401 2305 627 2381 inquisitionem
650 2301 720 2366 inde
746 2315 850 2368 coram
873 2301 1030 2366 willelmo
1063 2301 1286 2380 Walleworth,
1323 2319 1421 2382 nuper
1448 2305 1563 2366 maiore
1592 2305 1724 2368 ciuitatis
1749 2309 1851 2366 nosue
1877 2299 2003 2370 london
2030 2309 2060 2366 et
2087 2309 2241 2366 escaetore

401 2428 506 2484 nestro
530 2423 559 2482 in
582 2419 688 2486 eadem
710 2423 850 2498 ciuitate,
879 2419 1082 2486 demandato
1105 2429 1209 2486 nostro
1231 2429 1378 2500 captam,
1398 2425 1484 2486 cuius
1507 2429 1595 2486 tenor
1615 2424 1646 2483 in
1668 2420 1850 2486 cancellaria
1872 2429 1977 2486 nostra
2001 2424 2112 2484 uirtute
2140 2421 2241 2484 brevis

401 2541 499 2601 nostri
521 2542 667 2602 retomatl
689 2546 735 2602 est
757 2547 955 2619 compertum,
978 2538 1149 2604 babendum
1172 2549 1202 2603 et
1229 2539 1391 2604 tenendum
1419 2540 1533 2605 eisdem
1554 2540 1702 2618 lobanni,
1731 2537 1895 2616 diobolae,
1929 2536 2101 2614 Willelmo,
2133 2536 2239 2616 Paulo,

401 2655 559 2720 Willelmo
582 2664 611 2720 et
631 2655 763 2756 lobanni
784 2665 814 2721 ct
836 2671 941 2722 eorum
963 2656 1127 2722 heredibus
1148 2657 1187 2722 de
1209 2658 1299 2724 nobis
1321 2667 1349 2722 et
1376 2657 1539 2724 heredibus
1568 2660 1681 2723 nostris
1709 2674 1765 2738 per
1792 2658 1900 2722 eadem
1926 2659 2072 2734 seruicia,
2105 2673 2161 2736 per
2181 2671 2240 2738 one

401 2774 501 2838 dietus
521 2772 671 2838 Ricardus
699 2774 812 2840 dictum
842 2779 1032 2860 mesuagium
1059 2791 1128 2840 cum
1149 2776 1277 2842 wharvo
1300 2777 1437 2856 predicto
1459 2780 1554 2842 tenuit
1581 2780 1821 2856 imperpetuum,
1854 2776 1917 2840 Nos
1946 2775 2109 2860 depretia
2137 2782 2241 2840 nostra

403 2892 530 2974 speciali
552 2899 582 2956 et
603 2890 641 2956 de
662 2909 787 2958 assensu
809 2867 919 2975 prelati
940 2893 1089 2959 Willelmi
1110 2894 1205 2974 ldore,
1227 2899 1280 2975 qui
1303 2912 1400 2976 nuper
1420 2912 1479 2974 pro
1501 2893 1646 2976 predictis
1668 2899 1821 2978 mesnagis
1843 2902 1873 2958 et
1893 2893 2023 2960 wharuo
2044 2893 2189 2958 ducentas
2211 2901 2241 2956 ct

401 3019 462 3074 tres
484 2991 604 3076 marcu
625 3012 713 3078 nobis
735 3013 836 3092 soluit,
860 3031 914 3078 nec
937 3029 998 3078 non
1019 3012 1171 3079 dictorum
1192 3012 1341 3078 lobannis
1364 3010 1512 3092 Clauvon,
1532 3013 1683 3088 Nicholai,
1706 3011 1793 3076 Pauli
1811 3021 1841 3076 et
1857 3011 2005 3076 Willelmi
2026 3010 2238 3096 Fiettyngdon,

400 3132 454 3206 qui
475 3127 627 3209 prelatum
648 3129 794 3195 loannem
817 3130 970 3196 Boudiche
992 3135 1239 3211 supervixerunt,
1262 3149 1297 3196 ac
1319 3148 1377 3211 pro
1400 3147 1454 3210 eo,
1481 3131 1563 3212 quod
1586 3134 1646 3210 ipsi
1667 3130 1765 3195 dictus
1787 3131 1904 3196 litteras
1926 3139 2047 3196 nostras
2067 3135 2099 3194 in
2120 3129 2240 3194 cancel·

400 3246 478 3310 laria
501 3255 606 3312 nostra
629 3252 823 3315 restituerunt
845 3249 1076 3327 cancellandas,
1105 3249 1244 3314 dedimus
1267 3260 1296 3314 et
1318 3252 1523 3316 concessimus
1545 3247 1656 3312 dilecto
1678 3252 1823 3314 seruienti
1845 3256 1949 3314 uostm
1970 3247 2102 3314 lobanni
2123 3247 2238 3330 Sliegh

400 3369 451 3444 qui
474 3366 569 3430 dicus
592 3366 736 3432 ducentas
759 3375 788 3431 et
810 3377 871 3432 tres
892 3383 1013 3432 mareas
1034 3366 1154 3447 prelato
1176 3366 1333 3433 Willelmo
1354 3367 1439 3432 blore
1461 3367 1604 3443 resoluit,
1636 3371 1827 3450 mesuagium
1855 3376 1884 3431 et
1913 3367 2074 3433 wharuum
2101 3365 2238 3448 predicta

399 3499 467 3548 cum
490 3488 683 3565 pertinenciis
704 3484 843 3550 habenda
871 3495 902 3551 et
930 3485 1056 3550 unenda
1086 3485 1183 3550 eidem
1209 3485 1339 3552 lohanni
1367 3483 1473 3568 Sliegh
1501 3493 1530 3549 et
1557 3483 1720 3550 heredibus
1747 3488 1810 3550 suis
1835 3485 1875 3550 de
1902 3485 1992 3552 nobis
2021 3493 2051 3550 et
2077 3485 2238 3551 heredibus

398 3605 511 3666 nostris
539 3619 595 3682 per
619 3606 751 3668 seruicia
780 3601 915 3684 predicta
944 3607 1178 3684 imperpetuum.
1235 3604 1268 3670 ln
1297 3608 1382 3671 cuius
1414 3607 1461 3668 rei
1491 3607 1694 3670 testimonium
1727 3603 1783 3668 bas
1816 3604 1931 3668 litteras
1963 3611 2084 3671 nostras
2110 3601 2238 3668 lecimus

399 3727 549 3801 patentes.
593 3720 682 3785 Teste
698 3737 747 3786 me
768 3725 847 3803 ipso,
870 3723 951 3803 apud
969 3721 1285 3801 Westmooasterium,
1307 3723 1512 3790 senudecimo
1528 3724 1578 3788 die
1595 3722 1706 3802 Martii,
1728 3737 1809 3788 anuo
1825 3725 1913 3805 regni
1929 3726 2026 3788 nostri
2040 3729 2137 3786 sexto
2181 3721 2238 3784 Per
2376 3713 2380 3722 '

398 3837 492 3900 breue
513 3837 550 3902 de
572 3843 690 3918 privato
711 3839 825 3922 sigillo.
865 3838 1064 3922 Flaryngton.

399 4059 558 4142 xbtll.
605 4063 781 4146 Rlclord
817 4023 1019 4169 Medsord,
1060 4066 1233 4171 Biacltof
1265 4093 1339 4149 coo
1377 4065 1625 4168 chichester,
1659 4067 1838 4168 erlaldrl,
1879 4068 1978 4148 dune
2009 4091 2051 4146 er
2083 4067 2170 4150 ἀοω
2198 4067 2237 4146 ,1.

398 4213 662 4320 Norbomplou
693 4218 771 4299 doe
798 4219 923 4321 Honos,
957 4219 1021 4298 dle
1050 4217 1251 4322 Fdrberel,
1293 4225 1385 4300 stoel
1412 4218 1569 4300 Hbtteer
1598 4219 1723 4300 uedeo
1755 4221 1830 4300 deu
1862 4217 2021 4322 Slleyeu
2049 4218 2131 4297 und
2162 4218 2237 4298 dett

538 4367 673 4450 Keller
700 4377 742 4450 lu
779 4370 1106 4477 Wiudeqoooloue
1136 4365 1278 4451 wieder
1306 4371 1514 4476 ettqeotellt
1545 4369 1655 4452 loebe.
1717 4369 1833 4495 13391,
1866 4369 1948 4450 Mul
1970 4367 2038 4452 28.
2059 4369 2095 4474 ¹)

550 4549 717 4629 Omnibus,
747 4551 787 4618 ad
815 4569 892 4632 qnos
926 4569 1051 4632 presens
1077 4556 1225 4632 scriptum
1252 4557 1442 4632 peruenerit,
1471 4571 1526 4618 nos
1553 4552 1701 4618 llicatdus
1718 4550 1877 4628 llcdlord,
1904 4554 2107 4632 permissione
2132 4550 2236 4617 diuina

398 4672 560 4749 episcopus
580 4666 793 4747 cicestrensis,
823 4643 953 4733 salutem
976 4672 1005 4730 in
1028 4668 1158 4733 Domino
1180 4679 1209 4733 et
1230 4670 1480 4736 benedictionem.
1524 4668 1601 4736 Cum
1623 4670 1765 4736 dominus
1786 4687 1842 4734 rex
1864 4686 1943 4734 nunc
1963 4686 2019 4750 per
2039 4669 2144 4734 literas
2164 4683 2237 4732 suas

398 4793 536 4864 patentes
564 4787 653 4850 nobis
680 4787 797 4852 dederit
824 4794 854 4850 et
880 4790 1065 4849 concesserit
1092 4804 1148 4866 per
1175 4803 1283 4852 nomeu
1305 4787 1429 4852 Ricardi
1451 4787 1588 4854 ldedloul
1616 4789 1767 4870 capellani
1796 4805 1884 4854 vnum
1906 4791 2093 4854 mansionem
2116 4801 2185 4855 cutn
2207 4786 2236 4850 le

398 4901 547 4984 dyhowse
569 4911 598 4966 et
619 4903 737 4968 duabus
759 4902 967 4968 mansionibus
995 4919 1089 4984 super
1114 4905 1229 4986 gradus
1258 4915 1286 4969 et
1308 4923 1398 4972 vnum
1427 4908 1572 4972 celarium
1599 4911 1629 4969 in
1652 4907 1916 4989 Wundegooslane
1934 4910 2028 4976 ,luxu
2049 4905 2236 4970 Thamisiam

397 5023 427 5083 iu
450 5020 595 5101 parocbia
617 5026 753 5086 omnium
776 5018 957 5085 Sanctorum
986 5025 1094 5084 maiori
1117 5026 1147 5085 in
1170 5026 1292 5087 ciuitate
1313 5023 1456 5103 bondon,
1484 5041 1542 5104 oue
1564 5023 1686 5092 luerunt
1706 5025 1854 5092 lobannis
1876 5023 2102 5105 Norbampton,
2126 5031 2156 5086 et
2176 5037 2236 5102 que

556 5271 580 5338 ¹)
607 5269 666 5326 lus
685 5273 757 5324 einer
774 5271 913 5324 Abscbrllt
929 5273 976 5324 aul
992 5273 1155 5336 pergament.
