4866 6264
367 599 458 690 etc
917 650 935 666 ..
1161 595 1271 694 lens,
1296 594 1422 672 uro-e.
1511 567 1512 570 ‘

372 885 446 964 bus,
477 902 514 957 et
536 884 680 960 domibus
685 893 765 981 ente
786 885 920 970 pluatis,
949 884 1084 966 celenis,
1117 885 1250 963 solariis
1261 892 1293 950 et
1283 885 1471 980 omnibus
1462 884 1546 958 aliis
1564 885 1628 962 suis
1648 885 1856 980 pertinenciis,
1888 888 1920 954 iu
1942 886 2014 954 tilla
2036 882 2206 960 delenire

372 1000 547 1117 Episcopi,
570 1021 629 1090 que
650 1005 724 1075 clim
746 1003 867 1077 luerunt
888 1001 1022 1093 Philippi
1043 1004 1173 1094 Wptlre,
1196 1005 1270 1078 olim
1292 1006 1451 1096 burgensis
1473 1003 1606 1096 ciusdem
1630 1005 1699 1094 ville
1721 1005 1758 1068 dc
1779 1005 1890 1082 Leuue,
1913 1006 2058 1071 edificatis
2080 1015 2109 1070 ct
2129 1008 2203 1071 situ·

373 1125 430 1188 atis
451 1141 489 1188 er
493 1125 654 1206 'opposito
671 1124 796 1188 ecclesie
818 1130 933 1188 sancte
941 1123 1110 1206 Margarete
1133 1101 1266 1189 eiusdem
1289 1120 1368 1202 rille,
1391 1122 1467 1188 inter
1490 1114 1586 1188 iicum
1607 1125 1724 1206 regium
1746 1135 1885 1205 exparte
1903 1125 2054 1202 orientali,
2077 1133 2203 1190 etcum·

371 1256 493 1321 munem
515 1259 626 1323 nouem
648 1243 725 1310 diste
748 1245 820 1310 ville
847 1243 886 1309 de
906 1241 1006 1307 Lenrm
1031 1261 1070 1306 ux
1097 1252 1184 1324 parto
1212 1245 1409 1320 occidentali,
1443 1251 1472 1306 ct
1498 1251 1700 1312 tenementum
1729 1245 1884 1324 quondam
1905 1243 2054 1310 lobannis
2074 1243 2202 1327 boting-

373 1363 471 1448 bitbe,
508 1373 613 1446 purten
634 1363 784 1431 lobannis
806 1364 987 1445 Tborpsby,
1020 1380 1057 1426 ex
1078 1371 1165 1444 purte
1186 1365 1312 1443 boriali,
1346 1372 1378 1427 et
1396 1371 1596 1432 tenementum
1619 1379 1716 1443 nuper
1736 1363 1859 1430 llclrerti
1881 1373 1924 1432 att
1945 1365 2039 1430 Latbe
2060 1379 2100 1428 ex
2119 1371 2204 1443 perte

374 1483 517 1562 metrali,
547 1515 589 1541 s·-
618 1501 697 1564 quee
717 1483 837 1566 quidem
858 1483 996 1564 maneam
1018 1489 1048 1545 ct
1067 1491 1251 1562 tenemento,
1280 1499 1350 1548 cum
1371 1483 1452 1564 lrepu
1473 1491 1503 1546 ct
1523 1482 1651 1566 gardino
1673 1483 1879 1550 adiacentibus
1898 1501 1941 1548 -ac
1962 1485 2031 1550 aliis
2052 1484 2210 1566 premissis

373 1619 442 1670 num
467 1604 658 1684 pertiuentiis
684 1619 781 1684 nuper
806 1602 969 1668 babuimus
989 1603 1079 1666 nobis
1098 1610 1127 1666 ct
1148 1601 1310 1668 beredibus
1329 1603 1446 1666 nostris
1466 1618 1503 1665 cn
1525 1601 1685 1667 trsdttiune
1707 1613 1737 1668 et
1758 1603 2099 1668 dimissione-lobannis
2120 1601 2206 1680 Tute,

372 1719 490 1812 usone
508 1722 674 1812 bledloere,
696 1721 962 1786 aldermannorum
980 1720 1114 1800 lnndop,
1138 1755 1179 1776 „-
1201 1721 1339 1786 babendo
1360 1731 1390 1784 et
1412 1721 1540 1786 tenenda
1562 1721 1698 1802 placeam
1721 1730 1751 1786 et
1764 1727 1940 1788 tenemento
1961 1723 2108 1802 predicta,
2134 1737 2204 1786 errrn

373 1857 451 1922 enyo
473 1849 502 1906 et
524 1841 652 1926 gardino
674 1841 880 1906 educentibus
902 1857 939 1905 au
961 1841 1033 1905 aliis·
1050 1843 1207 1920 premissis
1229 1857 1298 1904 cum
1320 1840 1524 1922 pertinenciis,
1547 1837 1674 1920 pretatis
1696 1841 1915 1908 mercatoribus
1937 1843 2207 1910 etsucccssoribue

374 1961 450 2039 seis,
469 1960 565 2026 libere
585 1936 686 2040 nuiete
705 1968 735 2024 et
756 1961 790 2024 in
809 1977 901 2041 paco,
923 1961 1167 2041 imperpetuum
1201 1960 1318 2040 absque
1335 1959 1442 2039 aliquo
1464 1960 1552 2022 nubis
1575 1960 1622 2024 rel
1645 1961 1805 2064 bgredibus
1826 1965 1939 2026 uomrts
1960 1961 2035 2026 iude¹
2052 1957 2207 2026 reddendo

378 2078 427 2146 vel
446 2078 595 2146 lmicndn.
644 2079 682 2152 Et
702 2093 759 2144 nos
780 2097 817 2152 sc
837 2079 964 2144 bmedes
986 2081 1081 2146 nostri
1099 2079 1238 2159 predicte
1262 2079 1399 2160 planem
1421 2087 1450 2142 et
1472 2087 1648 2157 tenemento,
1671 2095 1740 2144 unm
1756 2097 1838 2161 -ceyo
1865 2088 1895 2143 et
1915 2079 2046 2163 gardino
2065 2081 2206 2146 ndincen·

374 2198 455 2264 tibus
474 2215 510 2265 ao
541 2197 609 2264 eliis
634 2200 796 2278 premissis
811 2216 892 2264 ,oum
922 2201 1134 2280 pertinenciis,
1166 2197 1296 2278 moinus
1323 2199 1541 2264 mercatoribus
1567 2207 1605 2262 et·
1625 2201 1853 2264 suecessoribus
1879 2201 1943 2263 suls
1971 2206 2076 2264 contra
2102 2215 2206 2263 omnen

373 2325 477 2401 gentes
499 2319 768 2389 unmntitabimus
788 2327 821 2382 et
840 2317 1034 2384 comme-us
1055 2321 1285 2400 imperpetuum.
1308 2317 1374 2411 'tc
1397 2317 1536 2382 volomus
1558 2329 1593 2380 ct·
1614 2317 1807 2387 comedimus
1834 2315 1961 2398 proteus
1988 2319 2207 2382 mercatoribus

374 2444 404 2504 ct
424 2437 648 2509 successoribus·
669 2438 745 2516 suis,
766 2438 848 2518 prud
870 2439 901 2502 si
917 2437 1074 2523 emungat
1094 2439 1174 2504 dicta
1196 2437 1335 2517 placeam
1355 2443 1583 2514 cirenensem,
1613 2453 1681 2500 unm
1703 2446 1831 2519 espect
1853 2437 1983 2521 gardino
1999 2437 2206 2506 ediscentibus

375 2565 404 2622 et
424 2557 494 2622 eliis
516 2558 684 2637 premissis,
705 2566 760 2622 aut
778 2558 915 2638 eliquare
936 2558 1006 2623 trrde
1027 2555 1201 2640 porcellum,
1224 2558 1265 2622 ab
1285 2556 1399 2622 eisdem
1414 2557 1638 2620 mercatoribus
1660 2556 1706 2619 rel
1728 2557 1957 2622 successoribus
1978 2557 2206 2638 suist-poete·

374 2688 442 2742 rum
464 2677 642 2756 recuperari
660 2685 713 2747 ant
732 2679 846 2755 eriuci,
875 2677 1055 2758 eundemne
1082 2693 1139 2742 nos
1166 2685 1199 2740 et
1218 2675 1345 2747 horedus
1373 2677 1469 2740 nostri
1490 2673 1624 2742 debitam
1649 2677 1960 2754 recompensationem
1980 2674 2107 2755 prelatis
2129 2691 2208 2740 rner-

375 2796 528 2865 ceturibrm
549 2803 582 2860 ct
600 2795 828 2870 successoribus
846 2797 913 2860 suis
930 2795 970 2862 de
991 2795 1093 2861 calore
1108 2795 1203 2873 inde,
1235 2797 1301 2860 eine
1323 2793 1499 2860 diitleultstc
1519 2793 1639 2875 alique,
1673 2793 1772 2858 lacere
1806 2801 1976 2880 teneamur3
2008 2793 2081 2858 duur
2105 2801 2207 2858 tamen

374 2915 468 2980 iidem
487 2923 672 2982 mercatores
693 2923 723 2980 et
742 2932 935 2980 sueomsores
954 2918 1003 2988 sui
1023 2933 1045 2980 a·
1065 2916 1152 2980 nobie
1174 2923 1227 2980 aut
1247 2915 1409 2979 heredibus
1430 2917 1543 2980 nostem
1565 2913 1715 2978 auxilium
1741 2921 1845 2992 petant
1866 2921 1910 2976 et·
1923 2913 2057 2978 debita·
2076 2912 2206 2998 turgeu

375 3039 626 3116 ttamapponnnt
647 3036 728 3108 nima
748 3035 955 3100 salsanicum
974 3009 1229 3103 etbebnstonom
1250 3034 1289 3098 de
1310 3052 1356 3114 so,
1379 3035 1460 3115 qrecd
1473 3049 1578 3100 verses
1593 3050 1646 3098 ens
1660 3031 1906 3115 petinentingat.
1946 3031 2051 3114 Qnsre
2067 3033 2207 3100 uolumus

375 3163 405 3220 el
426 3155 552 3220 brruiter
571 3157 775 3237 precipiam,
805 3171 866 3234 pro
884 3157 973 3220 nobis
994 3164 1025 3220 et
1044 3155 1208 3218 heredibus
1229 3156 1340 3218 nostris
1361 3153 1521 3234 predictis,
1555 3155 1637 3234 qnod
1661 3151 1794 3231 predicti
1816 3159 1998 3220 mercatores
2025 3153 2158 3218 babeant
2179 3163 2208 3217 et

375 3284 495 3340 meent
517 3276 575 3340 sibi
596 3283 626 3340 et
647 3275 874 3346 Μαισάδου
893 3279 969 3356 sels,
992 3277 1023 3339 in
1045 3273 1144 3342 forma
1166 3275 1317 3355 pneuma,
1340 3276 1441 3338 omnin
1455 3283 1494 3338 et
1515 3274 1637 3356 simpuio
1656 3274 1807 3352 premisso
1826 3285 1895 3342 eum
1918 3273 1982 3336 seis
2002 3274 2206 3368 pertinenciis,

376 3395 490 3474 urbeque
513 3397 713 3475 impetitione,
735 3393 961 3478 impedimento,
983 3396 1212 3477 perturbatione
1229 3409 1285 3458 sen
1305 3396 1483 3477 gremmine
1502 3395 1599 3458 nostri
1621 3391 1668 3456 rel
1689 3392 1833 3460 berctum
1856 3399 2046 3469 neruorum,
2075 3391 2209 3457 iusticia-

376 3515 509 3592 eicrun,
530 3521 738 3594 escaetorum,
758 3515 987 3589 vicecomitum,
1004 3523 1220 3584 cormmmrrm
1240 3529 1293 3578 seu
1315 3514 1446 3583 aliorum
1466 3513 1649 3578 ballivorum
1670 3512 1716 3575 rel
1739 3514 1945 3576 ministrorum
1967 3519 2139 3576 nuceretum
2162 3512 2209 3576 rel

376 3633 715 3710 beredumnostrprum
737 3650 1003 3715 quorumcunque:
1037 3651 1073 3698 eo
1094 3633 1175 3714 quod
1197 3651 1340 3713 expresse
1362 3637 1480 3696 mencio
1508 3631 1546 3696 de
1568 3645 1641 3696 reru
1658 3631 1763 3700 rulors
1789 3647 1892 3694 anucco
1917 3633 2137 3711 premissorum
2156 3640 2210 3697 aut

377 3752 503 3818 alicuius
526 3771 641 3832 eorum,
665 3762 718 3818 aut
739 3753 776 3819 de
798 3753 866 3818 aliis
888 3753 975 3817 donis
997 3755 1059 3818 sive
1081 3753 1327 3816 concessionibus
1349 3752 1461 3816 eisdem
1489 3752 1707 3816 mercatoribus
1738 3759 1768 3814 et
1793 3750 2019 3815 successoribus
2047 3751 2128 3828 suis,
2162 3749 2209 3814 sel

378 3871 529 3964 aliquibus
550 3873 804 3966 predepcssortem
822 3881 1001 3964 suosmet
1020 3873 1248 3963 suecessoribus
1270 3875 1345 3960 spis,
1367 3871 1546 3958 selescar,
1575 3885 1708 3956 pennos
1730 3869 1778 3954 rel
1798 3873 2007 3954 pregenienrcs
2029 3878 2081 3936 aut
2101 3868 2209 3958 prede

381 4006 518 4060 cessores
541 3999 661 4055 nostros
687 4000 756 4056 ante
773 3969 839 4056 ‘bec
862 4001 998 4072 tempora
1020 3991 1121 4083 lectis,
1140 3993 1172 4059 in
1192 3992 1382 4073 presentibus
1402 3991 1528 4059 minime
1548 3989 1628 4053 lacta
1650 3990 1766 4066 existit;
1795 3996 1848 4052 aut
1869 3987 1972 4068 aliquo
1994 3995 2117 4065 statuto,
2139 3995 2208 4052 actu
2253 3958 2259 3972 ¹

378 4111 440 4174 sive
462 4109 668 4187 ordinacione,
691 4118 743 4173 aut
764 4111 866 4191 aliqua
887 4111 947 4176 alia
971 4129 1014 4189 re,
1037 4100 1129 4175 causa
1146 4103 1347 4175 'vel‘materia'
1367 4095 1557 4189 quacunque,
1580 4108 1810 4171 nonobstante.
1856 4107 1888 4171 lu
1912 4107 1998 4172 cuius
2016 4108 2060 4171 rei
2075 4109 2209 4172 testimo-

377 4234 459 4295 nium
482 4230 537 4304 bes
560 4231 663 4302 literas
684 4237 803 4294 normes
824 4227 891 4294 lieri
911 4229 1037 4294 burrus
1058 4237 1206 4311 petentes.
1249 4229 1341 4294 Teste
1358 4245 1406 4293 me
1427 4231 1513 4308 ipso,
1530 4227 1614 4306 apud
1630 4222 1942 4304 westmonasterium,
1965 4227 2106 4290 uicesimo
2129 4241 2209 4290 nonu

377 4349 771 4434 prepotentissimus
794 4350 890 4412 unm
908 4351 1020 4428 nutnto
1037 4349 1166 4416 decime.
1391 4389 1394 4398 ι

529 4469 616 4534 lior·
607 4485 711 4549 iprum
730 4481 848 4552 repam,
881 4475 911 4532 et
931 4467 974 4532 de
989 4469 1063 4534 cleta
1082 4469 1236 4549 motor,
1267 4400 2070 4546 strenuosissimo..

1009 4627 1013 4636 .
1374 4621 1377 4630 ι
1822 4583 1850 4647 t.
1874 4581 2004 4649 moron
2093 4618 2118 4634 ··
2178 4612 2182 4632 ·

377 4839 473 4996 li'lb
510 4848 632 4961 llbttip
651 4847 822 4931 Edrnord
839 4849 906 4930 W.
928 4849 1022 4952 tiber
1042 4847 1130 4930 dos
1137 4842 1288 4930 liiticre
1308 4849 1409 4930 Jolue
1433 4843 1534 4952 serpo
1558 4845 1639 4928 uod
1663 4835 1838 4926 thbmd
1856 4843 2005 4940 ll'orol'cr
2008 4840 2208 4990 Vertrnp,

773 5001 989 5106 botreffeod
1010 5011 1072 5086 cio
1095 4971 1803 5100 HoerernBoctoc.1475,Mni8.

530 5181 712 5265 Edwardus,
732 5183 913 5284 lteipeat're
929 5202 983 5267 res
1004 5184 1164 5270 inplicet
1185 5185 1361 5261 transtro
1382 5183 1528 5268 dominus
1543 5181 1697 5268 Hibernis.
1711 5177 1877 5260 Omnibus,
1894 5179 1934 5246 nd
1955 5195 2033 5260 quoe
2053 5185 2209 5260 presentes

380 5302 466 5367 litere
487 5311 588 5368 nostre
609 5305 811 5385 peremerint,
833 5304 972 5370 salutern·
1016 5302 1141 5384 Sciatis,
1163 5304 1245 5386 quod
1266 5303 1418 5368 lebannes
1439 5300 1535 5386 Saye,
1558 5301 1664 5384 miles,
1688 5307 1717 5365 et
1737 5298 1885 5364 Ricardus
1901 5295 1912 5384 ll
1928 5297 2056 5363 Feerleu
2070 5298 2101 5362 in
2122 5298 2208 5362 curin
