4998 6256
397 591 454 674 32
1169 583 1278 679 leue,
1304 587 1377 656 ιιιι
1405 583 1463 655 ro.

397 874 560 960 xblx.
608 879 686 958 Det·
713 875 928 958 Geistliolte
957 876 1022 955 tlt.
1048 872 1327 978 Obumberlepn
1355 877 1562 998 tibertrdpt
1594 874 1658 955 die
1686 875 1766 954 tim
1788 898 1861 955 oott
1885 874 1930 954 D.
1957 874 2129 980 tophum
2144 877 2240 956 ‘uad

400 1020 608 1114 Geuoseetl'
623 1029 905 1110 ubatassmeo
924 1027 1208 1131 Gruudstitolse,
1234 1035 1337 1109 situel
1362 1026 1433 1107 dee
1454 1028 1490 1107 J.
1508 1024 1654 1132 Slee'plr,
1681 1052 1733 1107 uo
1752 1025 1801 1107 Μ.
1817 1025 1874 1107 Le
1887 1026 2023 1130 Fepre,
2048 1027 2095 1106 R.
2111 1027 2236 1131 Book,

495 1183 666 1266 moute
695 1181 935 1264 Gelolliehou
967 1181 1024 1259 W.
1047 1180 1278 1286 Bppppupea
1302 1181 1384 1262 uad
1407 1181 1444 1260 J.
1469 1179 1749 1262 Morketslede.
1808 1178 1932 1282 1409,
1963 1181 2058 1262 Jurti
2079 1179 2142 1260 16.

550 1345 720 1425 Omnibus,
760 1346 800 1410 ad
823 1361 900 1426 quos
922 1353 1078 1426 presentes
1101 1345 1187 1410 litere
1209 1347 1419 1423 perueneriut,
1450 1343 1584 1408 ihomas
1606 1341 1849 1426 Chamherleyn,
1878 1345 2022 1423 olerims,
2055 1346 2184 1410 salutem
2207 1349 2239 1410 iu

399 1469 531 1534 Domino
554 1467 780 1546 sempiternam.
824 1461 901 1528 Cum
925 1462 1072 1528 llieardus
1095 1461 1275 1540 Chaddesle,
1298 1463 1437 1540 elerieus,
1460 1479 1517 1541 per
1538 1462 1691 1542 quandam
1713 1471 1828 1526 nartem
1850 1479 1954 1542 suam,
1977 1463 2079 1528 datam
2101 1447 2238 1543 medon,

400 1586 518 1652 decimo
537 1585 551 1670 ll
573 1585 622 1651 die
641 1583 723 1662 llaii,
746 1599 825 1646 auno
848 1585 935 1664 regui
957 1585 1038 1665 regis
1052 1580 1199 1646 Edwardi
1221 1582 1306 1645 tereii
1328 1597 1346 1643 a
1369 1589 1535 1660 conquestu
1558 1580 1791 1664 quadragesimo
1814 1596 1906 1659 nouo,
1922 1581 1958 1660 ¹)
1980 1582 2105 1646 dederat
2126 1591 2155 1646 et
2169 1599 2239 1648 ooa-

400 1714 534 1771 cesserat
555 1703 687 1768 liieardo
709 1700 849 1783 hpouns,
884 1707 955 1764 tune
981 1702 1039 1764 ciui
1063 1709 1092 1764 et
1113 1700 1312 1764 aldermauno
1334 1697 1478 1777 medon,
1506 1707 1602 1764 totum
1625 1698 1701 1763 illud
1724 1707 1926 1764 tenementum
1949 1717 2017 1764 eum
2041 1701 2121 1782 layo
2147 1698 2159 1782 ll
2185 1702 2240 1767 ad-

399 1829 526 1901 iacente,
550 1837 619 1887 euru
642 1820 784 1885 omuibus
804 1821 868 1882 suis
890 1820 1089 1898 pertinentiis,
1112 1818 1194 1898 quod
1216 1818 1371 1898 quondam
1392 1817 1450 1882 fuit
1466 1817 1573 1882 laeobi
1589 1816 1720 1896 Palmer,
1743 1827 1772 1882 er
1793 1817 1875 1897 quod
1897 1819 2020 1897 quidem
2036 1825 2239 1885 tenementum

397 1957 467 2006 oum
494 1942 575 2024 layo
598 1939 752 2005 adiacente
780 1939 858 2001 iaeet
886 1941 917 1999 iu
940 1936 1150 2020 Wyugoslaue
1176 1941 1207 2000 iu
1234 1935 1380 2017 parochia
1410 1940 1545 2000 omnium
1568 1933 1749 2001 Sanctorum
1775 1937 1814 2000 ad
1845 1935 1949 2000 lenum
1970 1935 2095 2002 london
2122 1936 2133 2022 ΙΙ
2161 1943 2240 2003 inter

397 2067 566 2124 tenementa
588 2067 658 2122 tune
678 2054 834 2120 bartholdi
857 2055 1020 2137 Prestlyng
1040 2072 1078 2119 ex
1099 2063 1185 2135 parte
1207 2054 1362 2130 orientali,
1385 2062 1416 2118 et
1436 2056 1548 2136 hoyum
1571 2057 1731 2119 tenementi
1753 2058 1851 2120 ruoati
1873 2051 2178 2142 Esurtpupestotu
2200 2076 2239 2122 ex

397 2187 485 2258 parte
508 2175 699 2252 occidentali,
721 2182 751 2239 et
772 2189 884 2253 aquam
906 2171 1060 2237 Thamisie
1081 2191 1120 2238 ex
1140 2181 1228 2252 parte
1249 2173 1387 2250 australi,
1410 2181 1440 2236 et
1460 2179 1662 2237 tenementum
1684 2172 1887 2237 tunolladuld
1903 2173 2072 2257 blakeneye
2094 2193 2131 2240 ex
2153 2185 2240 2258 parte

399 2296 581 2375 aquilonari,
604 2291 775 2359 habendum
794 2290 915 2371 prelato
933 2291 1064 2355 lileardo
1081 2291 1215 2371 Lyouns,
1240 2289 1402 2355 heredibus
1424 2299 1454 2354 et
1475 2293 1638 2374 assignatis
1660 2294 1725 2356 eius
1740 2295 1771 2354 iu
1788 2300 1979 2373 perpetuum,
2002 2303 2095 2372 prout
2111 2296 2142 2358 iu
2161 2296 2241 2359 dieta

398 2422 484 2478 carta
505 2413 626 2494 plenius
648 2421 694 2476 est
715 2426 904 2490 expressum,
929 2427 965 2474 ao
986 2417 1093 2491 postea
1116 2409 1258 2473 domiuus
1279 2409 1439 2488 Ricardus,
1461 2426 1560 2489 nuper
1581 2427 1635 2482 rex
1655 2408 1783 2492 ungue,
1806 2426 1863 2489 per
1884 2410 1989 2474 literas
2011 2428 2083 2476 suas
2103 2420 2241 2494 patentes

320 2573 328 2594 ι
398 2532 485 2596 datas
507 2530 711 2595 sextodecimo
733 2530 782 2595 die
803 2529 922 2606 Morbi,
956 2544 1037 2594 auno
1058 2532 1144 2610 regui
1167 2529 1215 2592 sui
1236 2534 1339 2604 serto,
1352 2529 1390 2616 ²)
1422 2527 1547 2592 dederat
1575 2536 1605 2592 et
1632 2535 1823 2594 eoueesserat
1842 2528 1974 2592 iohanni
1995 2526 2099 2612 Sieigb
2127 2529 2241 2596 dietum

398 2657 600 2733 tenementum
622 2664 692 2712 eum
714 2648 794 2730 kapo
817 2663 885 2712 eum
908 2648 971 2712 suis
993 2647 1182 2746 pertinentiis
1203 2664 1259 2727 per
1282 2661 1392 2710 nomeu
1414 2648 1501 2710 vuius
1522 2649 1671 2728 mesuagii
1693 2663 1763 2710 eum
1785 2646 1932 2723 wharuo,
1962 2664 2030 2714 oum
2053 2649 2241 2747 pertinentiis

398 2771 429 2830 iu
446 2765 687 2850 Wpugoslaue
679 2784 711 2829 tn
733 2765 840 2830 warda
862 2764 900 2828 de
917 2765 1071 2848 Denegate
1088 2764 1226 2842 laudum
1249 2763 1332 2844 quod
1353 2763 1410 2828 luit
1431 2764 1504 2828 dieti
1520 2762 1642 2828 Ricardi
1661 2763 1784 2846 Lyouus
1806 2774 1836 2828 et
1855 2765 1936 2844 quod
1959 2747 1998 2829 ad
2020 2766 2133 2831 dietum
2146 2785 2243 2850 nuper

398 2901 502 2969 regem
523 2888 683 2964 pertinuit,
716 2869 860 2966 tauquam
882 2893 1000 2948 escaeta
1023 2884 1157 2949 eiusdem
1180 2884 1400 2967 nuperregis,
1433 2881 1574 2963 eoquod
1602 2883 1757 2963 predictus
1780 2883 1929 2948 llieardus
1953 2885 2114 2950 bastardus
2135 2885 2192 2949 tuit
2213 2894 2242 2948 et

398 3005 474 3069 ohiit
494 3009 559 3068 siue
580 3004 691 3068 herede
719 3003 758 3068 de
786 3019 835 3079 se,
869 3001 1044 3068 babendum
1066 3003 1163 3066 eidem
1184 3001 1317 3066 iohanni
1339 3000 1445 3084 Sieigh
1474 3010 1504 3065 et
1533 3000 1696 3066 heredibus
1722 3003 1786 3066 suis
1813 2993 1855 3066 de'
1879 3002 1960 3067 dicto
1987 3019 2084 3082 nuper
2112 3021 2185 3086 rege
2213 3013 2243 3068 et

398 3122 561 3186 heredibus
582 3122 613 3185 in
635 3129 833 3200 perpetuum,
869 3129 960 3201 prout
980 3123 1011 3183 in
1034 3120 1122 3185 diebs
1144 3120 1241 3183 literis
1268 3119 1338 3183 dieti
1367 3136 1465 3201 nuper
1489 3121 1572 3202 regis
1600 3120 1773 3198 petentibus
1802 3119 1922 3199 plenius
1949 3129 2125 3199 annotatur,
2159 3131 2243 3203 post-

289 3225 296 3238 ’
398 3240 583 3320 modumque
610 3240 765 3320 predictus
784 3237 938 3303 lohannes
959 3235 1065 3320 Sieigh
1093 3255 1150 3317 per
1171 3254 1281 3302 nomeu
1302 3236 1449 3302 lobannis
1470 3236 1591 3320 Slelgh,
1624 3239 1784 3321 armigeri,
1816 3255 1873 3318 per
1893 3247 2009 3304 eurtum
2031 3256 2119 3304 suem
2141 3239 2242 3306 datam

398 3358 524 3423 houden
553 3361 584 3422 in
606 3355 683 3422 lesio
710 3356 925 3422 deoollaoiouis
952 3357 1049 3420 saneti
1069 3355 1217 3421 lobannis
1239 3357 1384 3434 baptiste,
1417 3373 1498 3420 anno
1525 3357 1612 3438 regui
1640 3355 1712 3420 dieti
1741 3373 1839 3438 nuper
1867 3357 1949 3440 regis
1970 3355 2100 3422 Ricardo
2126 3359 2244 3422 deeimo

399 3486 527 3555 oetauo,
542 3477 579 3556 α)
617 3478 696 3540 inter
717 3474 779 3540 alia
799 3475 831 3539 iu
853 3474 960 3540 eadem
982 3481 1066 3539 earta
1088 3473 1278 3555 specilleata,
1311 3473 1453 3554 dederat,
1488 3483 1679 3540 conoesserat
1707 3482 1737 3538 et
1764 3475 1870 3539 eadem
1899 3483 1983 3539 sarta
2012 3476 2245 3541 confirmauerat

399 3594 558 3660 Willeimo
579 3595 710 3672 Purher,
739 3603 809 3658 tune
831 3595 889 3658 uiui
913 3601 943 3656 et
966 3607 1102 3657 meruero
1125 3592 1266 3670 Loudon,
1294 3592 1425 3657 iohanni
1447 3590 1581 3675 liumsey
1610 3593 1648 3658 de
1670 3594 1815 3658 comitatu
1837 3590 1988 3658 Soutbsex
2010 3596 2072 3658 iam
2094 3593 2244 3659 delunotis

400 3721 430 3776 et
450 3712 581 3776 iohanni
602 3711 689 3776 West
710 3712 823 3777 dietum
847 3719 1048 3776 tenementum
1070 3727 1139 3775 uum
1161 3712 1243 3792 layo
1270 3728 1340 3777 eum
1369 3713 1433 3776 suis
1460 3713 1649 3791 pertiuentiis
1676 3729 1733 3790 per
1755 3727 1864 3778 nomen
1887 3713 2023 3776 omnium
2045 3721 2193 3778 terrarum
2216 3722 2246 3778 et

399 3839 640 3894 tenementorum
655 3846 782 3895 suorum
801 3846 871 3894 eum
889 3829 1036 3907 wharuis,
1060 3828 1278 3894 redditibus‘et
1299 3831 1442 3894 omnibus
1464 3831 1528 3895 suis
1543 3831 1744 3908 pertiuentiis,
1766 3847 1826 3909 que
1846 3839 1919 3894 tuno
1940 3830 2048 3894 babuit
2068 3833 2098 3895 in
2122 3834 2245 3896 ciuitate

400 3947 538 4026 houden,
560 3948 733 4013 babendum
755 3957 784 4012 et
805 3947 966 4012 tenendum
989 3948 1133 4028 predictis
1154 3947 1311 4012 Willeimo
1335 3949 1458 4026 Purher,
1479 3948 1611 4013 lohanni
1626 3949 1759 4030 llumsey
1778 3957 1809 4012 et
1818 3948 1950 4012 lohanni
1961 3948 2060 4028 West,
2083 3949 2245 4014 heredibus

382 4049 431 4131 'et
453 4069 617 4150 assignatis
639 4069 713 4143 suis,
736 4068 970 4146 imperpetuum.
1014 4065 1297 4146 subsequenterque
1319 4066 1417 4131 dietum
1434 4066 1587 4131 lohannes
1604 4067 1692 4131 West
1714 4085 1769 4148 per
1790 4077 1905 4132 cartam
1928 4085 2015 4132 suam
2037 4067 2139 4134 datum
2162 4069 2243 4150 apud

399 4187 588 4252 llanewurth
610 4187 640 4248 in
664 4186 807 4249 comitatu
830 4185 1011 4264 hliddlesex,
1041 4202 1121 4250 auno
1144 4187 1226 4268 regis
1247 4183 1367 4250 lleurici
1390 4186 1490 4264 quarti
1513 4201 1610 4264 nouo,
1637 4186 1726 4250 dietis
1747 4187 1906 4252 willelmo
1927 4188 2043 4252 Pariter
2063 4194 2094 4251 et
2114 4187 2246 4252 iohanni

401 4306 535 4386 llumsep·
557 4315 627 4370 tuno
650 4303 815 4382 delueetis,
837 4304 975 4382 dederat,
998 4313 1191 4368 eoneemerat
1210 4311 1241 4367 et
1262 4304 1368 4368 eadem
1391 4312 1477 4368 oarta
1498 4321 1554 4368 sua
1577 4305 1809 4370 confirmauerat
1830 4305 1967 4371 Dionisio
1989 4305 2142 4387 Lopbam,
2166 4305 2245 4371 ileu·

401 4426 465 4490 riso
489 4423 607 4488 lleuore
628 4431 659 4487 et
681 4423 789 4500 miehi,
812 4423 950 4504 prediolo
971 4423 1088 4487 lhome
1110 4420 1352 4503 Chamberlepu,
1377 4422 1513 4500 clerieis,
1535 4422 1667 4487 lobauni
1687 4423 1845 4506 Norbury,
1870 4427 2041 4508 armigero,
2065 4433 2094 4488 et
2115 4423 2244 4489 llenmeo

400 4541 510 4610 Snmer
531 4544 645 4607 dietum
667 4549 869 4607 tenementum
891 4557 960 4605 oum
984 4542 1065 4621 lmyo
1087 4557 1124 4605 ao
1145 4542 1286 4605 omuibus
1308 4543 1497 4622 pertiuentiis
1518 4543 1582 4606 suis
1604 4559 1660 4623 per
1681 4559 1792 4606 nomeu
1822 4545 1958 4608 omniunt
1979 4553 2131 4608 terrarum
2152 4551 2183 4607 et
2204 4553 2246 4607 te·

402 4670 612 4728 mementorum
640 4661 740 4740 ipsius
759 4659 908 4724 lobannis
929 4657 1036 4736 West,
1064 4675 1133 4724 eum
1155 4659 1310 4738 wharuis,
1344 4659 1512 4725 redditibus
1535 4669 1565 4724 et
1586 4663 1650 4725 suis
1669 4663 1880 4742 pertinentiis,
1915 4679 1974 4742 que
1996 4669 2066 4726 tune
2089 4661 2195 4726 habuit
2215 4663 2246 4724 iu

402 4781 524 4844 ciuitate
546 4778 688 4857 London,
721 4778 893 4843 habendum
922 4786 953 4841 et
979 4777 1141 4852 tenendum
1171 4777 1257 4843 dietis
1279 4777 1431 4856 Diouisio,
1465 4779 1595 4843 ilenrico
1617 4779 1735 4846 ileuore
1765 4799 1800 4846 ao
1827 4780 1932 4859 miehi,
1965 4781 2102 4861 predicto
2130 4779 2247 4844 Thomu

404 4895 644 4978 chamberleyn,
677 4897 808 4961 iohanni
835 4895 980 4977 Norbury
1009 4905 1039 4960 et
1067 4895 1197 4960 Hendeo
1225 4895 1335 4962 Somer
1362 4905 1391 4960 et
1418 4897 1580 4962 heredibus
1609 4901 1684 4977 mei,
1719 4900 1792 4964 dieti
1819 4900 1936 4964 iborae
1958 4897 2180 4980 Chemherleyn
2211 4915 2247 4962 au

403 5017 554 5081 dietorum
566 5015 704 5094 biouisii,
727 5015 849 5079 ilenrioi
867 5013 997 5092 Henore,
1019 5015 1166 5080 iohannis
1176 5015 1318 5096 Norbury
1335 5025 1366 5080 et
1381 5015 1501 5080 lleuriei
1513 5013 1622 5082 Sumer
1639 5019 1668 5080 in
1687 5027 1880 5098 perpetuum.
1913 5019 1949 5084 Et
1967 5027 2074 5098 postea
2092 5017 2247 5097 predictus

562 5266 586 5331 ¹)
617 5262 691 5331 ists,
711 5267 766 5321 hltl
788 5267 825 5321 itt.
990 5267 1016 5334 ²)
1047 5265 1120 5333 1³83,
1137 5267 1211 5321 biles
1232 5266 1271 5321 lb.
1433 5271 1459 5336 ³)
1491 5267 1564 5335 taut,
1583 5267 1750 5334 bagusth.
