4914 6254
972 539 1080 636 1468,
1107 544 1193 615 Mira
1219 542 1254 614 2.
1739 623 1751 636 ,
1942 549 2026 630 129

199 832 371 898 libertatum
392 838 422 894 et
442 829 670 914 privilegiorum
688 829 789 894 lianse
810 837 1011 896 mercatorum
1037 828 1208 894 extendere.
1250 827 1338 893 Enim
1361 827 1506 908 prefecto,
1528 829 1585 892 viri
1606 830 1731 912 egregii,
1754 830 1873 896 tametsi
1893 833 2024 898 maxima

201 968 289 1028 cura,
323 952 436 1034 ingenti
458 943 660 1014 sollicitudine
687 949 845 1032 studioque
867 965 985 1014 summo
1007 965 1130 1013 causam
1152 947 1237 1012 illam
1260 947 1536 1026 antiquissimorum
1558 947 1695 1014 ledarum
1717 966 1752 1012 ac
1774 958 1918 1030 perpetue
1940 956 2024 1033 pacis

198 1073 355 1135 internos
383 1078 413 1132 et
441 1077 625 1134 mercatores
646 1067 746 1132 Hense
765 1059 949 1132 l'beutonice
976 1066 1167 1133 resarciende
1196 1065 1460 1152 componendaque
1489 1063 1635 1130 fuerimus
1663 1067 1807 1132 hactenus
1835 1075 2023 1150 prosequuti,

198 1207 253 1252 nec
274 1188 307 1252 id
327 1185 449 1268 quidem
471 1187 571 1252 verbis
599 1187 698 1252 solum
720 1196 750 1252 et
770 1187 880 1264 literis,
909 1203 1012 1250 rerum
1039 1187 1134 1251 eciam
1164 1183 1252 1250 lactis
1282 1193 1311 1248 et
1336 1186 1489 1267 geminata
1516 1184 1671 1268 legacione
1698 1187 1728 1250 in
1749 1203 1821 1252 oras
1842 1188 2025 1272 longinquas

199 1323 268 1372 cum
297 1307 415 1389 magnis
442 1307 587 1386 impensis
613 1306 760 1370 destinata
787 1305 890 1386 palam
918 1304 1044 1370 iacimus
1073 1313 1208 1386 tempore
1234 1304 1385 1384 superiori
1392 1323 1403 1381 ;
1431 1312 1461 1368 et
1495 1312 1597 1384 preter
1624 1303 1695 1381 bec,
1724 1307 1800 1370 citra
1827 1307 1857 1370 id
1880 1285 2026 1390 temporis

201 1427 356 1490 libertates
376 1423 530 1505 predictas
550 1423 590 1487 ad
611 1441 671 1488 non
689 1425 841 1490 modicum
863 1431 982 1504 tenpus
1002 1423 1182 1488 indulsimus
1204 1422 1426 1504 prorogandas,
1449 1438 1556 1501 caspe
1577 1420 1656 1502 ireti,
1678 1423 1760 1503 quod
1775 1423 1874 1490 medio
1890 1435 2025 1510 tempore

201 1545 356 1629 negotium
377 1543 453 1607 illud
470 1543 560 1608 linem
575 1543 719 1622 debitum,
742 1543 782 1607 ad
798 1543 954 1622 utriusque
976 1550 1112 1608 nostrum
1128 1540 1295 1623 reipublice
1311 1541 1468 1605 utilitatem
1490 1549 1520 1604 et
1537 1548 1672 1623 optatum
1694 1543 1855 1607 coronetur
1869 1545 2025 1610 ellectum:

201 1661 277 1726 nibil
299 1669 409 1740 umen,
431 1662 550 1744 dequo
571 1677 763 1742 summopere
784 1663 815 1725 in
837 1661 1068 1727 admirationem
1090 1661 1170 1725 ducti
1193 1676 1308 1738 sumus,
1330 1658 1486 1738 hucusque
1507 1659 1588 1738 quod
1610 1659 1649 1723 ad
1670 1659 1790 1725 felicem
1812 1670 1873 1726 tam
1895 1665 2026 1731 salubris

201 1789 290 1860 atque
312 1785 415 1861 operis
436 1783 532 1847 sancti
554 1781 849 1846 consummacionem
870 1797 958 1862 spem
979 1788 1120 1862 augeret,
1148 1787 1307 1859 sequutum
1330 1785 1391 1856 est3
1419 1794 1524 1860 ymmo
1552 1778 1764 1857 palliacionem
1792 1784 1899 1862 pocius
1921 1769 2027 1849 dil'aci-

200 1916 348 1979 onemqoe
374 1917 466 1979 quam
494 1901 583 1964 duem
611 1899 669 1963 bac
696 1901 763 1980 ipsa
793 1905 824 1964 in
854 1917 887 1963 re
916 1900 1091 1982 investigari
1119 1899 1278 1977 expetique
1306 1904 1439 1977 putetur.
1483 1895 1552 1978 Que
1579 1914 1762 1978 quamquam
1788 1901 1830 1965 ita
1856 1919 1889 1965 sc
1916 1903 2027 1968 babere

200 2018 371 2096 rideantur,
400 2034 456 2082 nos
485 2027 584 2082 tamen
612 2021 746 2083 animum
773 2019 934 2099 pristinum
960 2019 992 2081 in
1020 2025 1082 2082 tam
1109 2015 1302 2082 saluberrimi
1324 2020 1426 2096 operis
1455 2017 1590 2080 instituto
1612 2018 1789 2096 retinentes,
1816 2026 1848 2082 ut
1876 2036 1913 2083 ex
1940 2031 2028 2102 parte

201 2146 314 2216 nostra,
336 2135 417 2217 quod
439 2138 516 2201 istuc
538 2139 638 2217 ipsum
661 2123 821 2221 negocium
842 2144 1031 2218 promoveat,
1053 2135 1241 2214 relinquatur
1257 2135 1367 2213 nicbil;
1388 2133 1479 2214 idque
1501 2138 1601 2215 ipsum
1623 2137 1693 2200 item
1710 2145 1825 2202 vestras
1846 2138 2028 2219 prudenciae

200 2265 358 2321 curaturae
380 2256 533 2334 arbitrati,
562 2257 670 2320 vestrm
698 2258 729 2319 in
751 2256 808 2319 bac
834 2263 920 2335 parte
942 2255 1220 2336 supplicaciooibus
1246 2261 1428 2331 annuentes,
1451 2254 1609 2336 priuilegia
1632 2263 1661 2318 et
1688 2245 1846 2322 libertates·
1868 2268 2028 2325 consuetas

200 2375 286 2440 vobis
307 2382 336 2438 et
357 2375 574 2439 mercatoribus
595 2375 664 2439 aliis
680 2374 781 2441 Hense
801 2374 947 2456 predicte,
968 2375 1052 2438 iuxta
1073 2373 1203 2438 lormam
1224 2382 1253 2437 et
1275 2383 1420 2451 tenorem,
1442 2389 1533 2453 quem
1553 2375 1743 2454 presentibus
1765 2378 1916 2457 recipietis
1937 2378 2030 2444 inbr-

200 2493 336 2570 clusum‚
364 2492 506 2558 dommus
532 2493 749 2559 concedendas.
792 2493 957 2573 Optantes,
987 2500 1020 2557 ut
1046 2493 1074 2558 si
1101 2491 1172 2574 quid
1199 2492 1329 2557 tortasse
1357 2508 1454 2571 usque
1481 2491 1607 2557 antebac
1633 2497 1664 2557 in
1691 2493 1750 2560 boc
1772 2497 1898 2578 negocio
1920 2515 2028 2578 pamm

201 2611 363 2693 dibgeuter
383 2619 434 2676 aut
455 2611 556 2692 tepide
577 2620 694 2696 gestum
716 2611 816 2712 luerip,
838 2612 870 2676 id
891 2615 952 2678 iam
975 2613 1095 2678 undem
1117 2611 1281 2693 aliquando
1297 2629 1355 2694 pro
1376 2619 1475 2677 restra
1497 2613 1649 2692 sapiencia
1671 2613 1718 2676 vel
1740 2613 1902 2698 diligencia
1924 2616 2031 2681 eldcax

202 2734 281 2794 intra
302 2738 421 2812 tempus
442 2738 619 2795 annotatum
646 2731 727 2795 eluat
748 2738 839 2809 atque
861 2737 1024 2812 expurget,
1054 2729 1204 2810 luemque
1230 2729 1279 2794 his
1301 2730 1391 2794 rebus
1413 2727 1638 2808 felicissimum,
1669 2733 1820 2812 utrimque
1848 2733 1901 2800 diu
1923 2753 2031 2818 expec-

201 2857 306 2928 tatum,
328 2849 391 2914 lieo
413 2849 489 2914 duce
510 2851 661 2930 imponat:
684 2849 737 2929 qui
758 2847 992 2930 spectabilitates
1014 2855 1130 2912 vestras
1151 2848 1317 2912 incolumes
1339 2864 1520 2914 consumam
1540 2849 1680 2932 dignetur
1700 2853 1731 2913 io
1754 2869 1850 2916 annos
1871 2854 2031 2934 plurimos.

199 2967 310 3034 Italum
331 2974 435 3034 nostro
457 2969 514 3034 sub
535 2972 654 3050 privato
674 2967 791 3051 sigillo,
819 2968 902 3048 apud
922 2967 1242 3046 westmonasterium,
1273 2974 1381 3047 quarto
1403 2964 1453 3030 die
1473 2965 1591 3045 Marcii,
1614 2983 1836 3051 regnorumque
1858 2979 2031 3037 nostrorum

203 3103 284 3151 anno
306 3090 446 3169 septimo.
1779 3071 1789 3090 ‘

356 3201 399 3272 le
421 3203 541 3273 dorso:
563 3205 785 3286 spectabilibus
805 3214 836 3272 et
856 3208 987 3290 egregiis
1009 3209 1091 3285 viris,
1121 3205 1355 3272 Proconsulibus
1378 3213 1408 3272 ct
1428 3201 1612 3271 Consulibus
1633 3207 1762 3274 ciuitatis
1782 3208 2029 3294 llamburgensis,

203 3322 310 3386 amicis
330 3326 441 3389 nostris
463 3326 639 3398 carissimis.

204 3541 361 3632 exul.
405 3549 530 3655 Kdotq
559 3549 730 3630 Edmord
752 3549 819 3632 lV.
847 3552 1072 3658 cmlmoport
1102 3552 1166 3632 die
1195 3550 1429 3656 Priciiegieo
1459 3549 1530 3631 der
1558 3547 1695 3630 Hooac
1725 3549 1801 3654 auf
1826 3556 1888 3632 aio
1916 3551 2029 3653 debr,

436 3704 559 3785 demit
589 3705 699 3784 dieue
727 3705 982 3787 mitiletaccilc
1014 3703 1216 3786 Geeottdie
1244 3704 1349 3783 oocb
1378 3701 1562 3808 Eroplood
1592 3702 1799 3784 atamen.

929 3855 1050 3961 tuos,
1082 3855 1191 3938 Mure
1213 3857 1252 3937 2.
1271 3856 1307 3961 ¹)

353 4038 536 4118 Edwardus,
557 4039 612 4104 liei
633 4040 736 4122 gracia
757 4055 812 4102 rex
833 4039 942 4124 anglie
962 4048 992 4106 et
1012 4039 1140 4105 Francie
1161 4048 1191 4104 et
1212 4039 1355 4104 dominus
1373 4037 1531 4117 llibemie,
1553 4039 1694 4104 omnibus
1714 4037 1753 4104 ad
1775 4039 1858 4120 quod
1878 4050 2033 4122 presentes

204 4153 291 4218 litere
311 4159 456 4234 venerint,
478 4157 617 4222 salutem.
660 4155 769 4226 Sciatis
791 4158 873 4238 quod
899 4156 989 4240 (acie
1016 4155 1097 4226 obeo
1120 4154 1185 4224 No.
1212 4153 1311 4240 cxl,
1339 4156 1399 4224 mit
1420 4154 1620 4226 Anaetica
1642 4155 1702 4225 der
1725 4155 2034 4246 Zeitbestt'mmunp)

203 4273 276 4351 illis,
299 4273 423 4358 scilicet,
445 4276 498 4353 qui
518 4275 631 4340 babcut
650 4275 774 4342 domum
795 4280 826 4340 in
853 4279 971 4344 ciuitate
991 4277 1133 4358 london,
1163 4273 1230 4358 que'
1246 4274 1436 4344 ustulato
1462 4275 1711 4344 Teutonicorum
1732 4277 1897 4359 vulgariter
1918 4292 2033 4342 nuncu·

204 4400 307 4475 pater,
329 4391 411 4472 quod
433 4393 502 4474 ipsi,
524 4397 665 4460 continue
688 4412 706 4459 a
727 4394 804 4459 iesto
826 4399 988 4462 nativitatis
1010 4395 1268 4464 sanctilcbannis
1289 4397 1420 4477 baptiste
1440 4397 1580 4479 proxime
1602 4395 1715 4474 loturo,
1737 4411 1794 4475 per
1815 4411 1909 4462 uuum
1922 4411 2033 4460 annum

203 4513 356 4596 integrum
376 4519 485 4575 extunc
506 4513 645 4593 proxime
667 4520 696 4577 et
716 4513 888 4579 immediate
908 4525 1093 4597 sequentem,
1115 4533 1171 4598 per
1192 4522 1287 4580 totum
1309 4531 1436 4599 regnum
1451 4512 1524 4596 (bis
1544 4511 1607 4596 su)
1621 4529 1745 4578 suorum
1763 4529 2032 4596 quorumcumque.

204 4628 287 4694 inira
309 4629 392 4712 quod
419 4637 539 4711 tempus
569 4639 666 4697 certos
692 4641 921 4713 procuratores,
942 4632 1029 4715 (wic
1052 4631 1116 4701 No.
1143 4629 1233 4700 cul.
1257 4632 1333 4717 bic)
1359 4651 1487 4720 regnum
1516 4641 1655 4698 nostrum
1675 4631 1794 4717 Anglie.
1838 4631 1875 4698 lit
1896 4632 2033 4713 ulterius,

206 4748 245 4813 de
264 4750 368 4832 gracia
388 4746 476 4828 (deo
498 4746 667 4838 torpente
687 4749 749 4820 acie
770 4749 807 4818 ia
830 4748 894 4818 No.
921 4748 1038 4835 cxl).

358 4866 448 4933 Teste
469 4885 518 4934 me
539 4873 608 4951 ipso
630 4871 711 4953 apud
732 4867 1047 4950 Westmonastetium,
1069 4871 1203 4938 meando
1224 4871 1275 4938 die
1296 4871 1412 4951 blarcii,
1434 4887 1513 4938 anno
1535 4871 1621 4954 regni
1643 4872 1738 4935 nostri
1759 4873 1899 4951 septimo.

1710 4985 1883 5058 Siverende.

208 5077 510 5096 h--n—d-——u-

365 5237 389 5305 ¹)
414 5239 475 5294 Ans
493 5244 565 5296 einer
582 5244 742 5311 bamburger
759 5243 903 5298 Abscbrllt

275 5373 438 5441 aotnettnng
450 5377 485 5429 ll.
