4914 6254
995 543 1105 642 1465,
1131 547 1220 642 liprrl
1244 545 1303 618 23.
1958 550 2041 632 125

175 845 178 852 ·
205 832 288 896 dicit.
331 829 520 911 spectabiles
540 838 570 894 et
591 828 752 894 clarissimi
773 828 848 892 viril
893 827 1079 894 Mercatores
1099 828 1198 894 llaose
1221 827 1413 908 Alemannis,
1435 831 1488 910 qni
1509 829 1568 894 boc
1591 847 1685 914 regno
1707 839 1812 896 nostro
1833 846 1890 894 sua
1912 839 2044 896 tractant

205 951 341 1033 negocia,
364 948 462 1030 pridie
483 964 540 1013 nos
561 948 704 1023 docuere,
725 946 808 1026 quod
828 963 884 1026 per
905 948 1040 1011 civitates
1062 948 1197 1012 eiusdem
1218 946 1319 1012 flasse
1348 947 1386 1011 ad
1415 946 1565 1012 sedandas
1594 949 1764 1014 discordias
1793 949 1874 1014 ultro
1901 952 2039 1029 citroque

205 1067 304 1133 media
325 1071 547 1132 communicata
569 1065 699 1140 fuerant,
723 1065 844 1130 undem
865 1081 937 1129 aero
960 1066 1147 1143 conclusum,
1170 1066 1252 1146 qnod
1275 1065 1355 1129 dieta
1377 1067 1547 1130 communis
1570 1067 1793 1144 celebraretur,
1825 1069 1851 1131 si
1873 1066 1931 1130 boc
1953 1069 2042 1132 nobis

205 1195 325 1268 gratum
347 1186 436 1250 foret.
479 1185 605 1264 Deque
627 1201 660 1247 re
681 1183 777 1274 eciam
799 1187 949 1248 cerciores
970 1182 1042 1248 facti
1066 1199 1186 1248 eramus
1208 1201 1264 1266 per
1285 1183 1406 1263 literas,
1439 1199 1517 1264 quas
1538 1185 1625 1249 nobis
1648 1184 1733 1250 reddi
1755 1186 1888 1250 fecerant
1909 1185 2042 1251 Procon-

205 1303 287 1368 sules
309 1312 338 1368 et
360 1301 509 1368 Consules
531 1303 661 1366 civitatis
681 1299 887 1380 Coloniensis,
916 1304 968 1382 qui
990 1305 1110 1366 nomine
1133 1305 1228 1366 tocius
1251 1301 1350 1366 llanse
1372 1301 1411 1367 ad
1434 1318 1490 1366 nos
1512 1307 1714 1382 scripserunt3
1749 1307 1936 1382 intimantes,
1959 1304 2041 1384 quod
2137 1275 2140 1286 ¹

205 1426 236 1486 in
259 1422 334 1485 urbe
355 1430 453 1486 vestra
476 1420 514 1485 de
534 1419 750 1504 llambourgb‚
783 1421 863 1484 dieta
891 1419 1066 1484 huiusmodi
1093 1419 1275 1484 celebranda
1304 1397 1494 1486 commodius
1523 1422 1686 1486 videretur.
1730 1421 1777 1487 lid
1807 1421 1917 1487 festum
1944 1425 2042 1487 sancti

204 1539 351 1604 lobannis
372 1540 502 1619 baptiste
524 1541 584 1603 iam
606 1547 791 1603 transactum
813 1541 1005 1618 surculosus,
1038 1537 1078 1600 ad
1100 1539 1256 1603 literarum
1278 1538 1452 1604 huiusmodi
1483 1547 1513 1602 et
1541 1548 1744 1606 mercatorum
1772 1544 1953 1618 inscendas,
1977 1556 2042 1603 am·

204 1659 389 1723 bassiatores
410 1666 542 1735 nostros,
565 1659 616 1737 qui
637 1657 810 1720 Traiectum
833 1655 1007 1720 inferiorem
1028 1665 1099 1720 sont
1119 1657 1259 1737 profecti,
1281 1673 1339 1737 pro
1361 1658 1441 1721 dieta
1463 1661 1530 1736 ipsa
1553 1657 1756 1737 conficienda,
1787 1659 1870 1737 quod
1892 1677 1908 1722 e
1931 1676 1964 1722 re
1985 1675 2043 1736 pu·

206 1775 285 1840 blica
309 1783 411 1840 nostra
434 1774 499 1838 fore
521 1774 688 1838 ridebatur.
732 1773 867 1839 Tametsi
888 1774 1001 1838 infecto
1023 1776 1151 1857 negocio
1172 1784 1310 1839 oratores
1332 1775 1391 1853 ipsi
1414 1777 1475 1839 sint
1488 1777 1611 1855 reversi,
1635 1776 1860 1855 nihilosecius,
1883 1779 1954 1857 quia
1969 1775 2042 1840 dicti

206 1901 390 1958 mercatores
411 1893 449 1956 de
470 1892 571 1957 llausa
594 1892 725 1973 plurima
746 1892 881 1957 diceutes
903 1909 960 1974 pro
982 1893 1181 1956 excusacione
1202 1909 1262 1958 ooo
1283 1893 1442 1958 observate
1463 1893 1552 1971 diete,
1575 1894 1613 1958 de
1634 1897 1751 1976 integro
1774 1895 1861 1958 uobis
1883 1911 2043 1972 persuase-

205 2019 284 2090 runt,
308 2019 340 2075 ut
361 2009 529 2076 discordias
551 2010 743 2089 supradictas
760 2009 887 2074 tollendi
908 2010 1100 2090 leniendique
1121 2015 1234 2093 gracia,
1257 2011 1339 2090 quod
1356 2013 1422 2074 eius
1437 2009 1489 2091 (l)
1507 2011 1573 2075 fleri
1595 2021 1708 2094 posset,
1732 2013 1863 2075 contenti
1884 2011 2041 2090 fuerimus,

202 2139 234 2194 ut
254 2129 396 2194 hincinde
418 2133 567 2194 securitas
589 2127 680 2193 detur
703 2129 924 2192 mercatoribus
945 2130 1103 2208 utriusque
1124 2131 1220 2208 partis
1242 2131 1364 2193 biennio
1386 2131 1551 2211 duratura3
1574 2145 1635 2209 quo
1657 2129 1786 2208 quidem'
1805 2131 1949 2208 temporis
1973 2145 2042 2192 cnr·

203 2248 300 2312 ricino
323 2257 427 2311 mutua
448 2247 681 2310 communicatio
704 2254 734 2309 et
756 2246 852 2310 libera
874 2245 1117 2312 mercandisandi
1139 2245 1270 2312 facultas
1292 2248 1466 2312 haberetur.
1510 2246 1602 2328 Quod
1624 2251 1651 2312 si
1672 2265 1711 2311 ex
1732 2256 1819 2327 parte
1835 2249 1933 2327 ipsius
1942 2245 2043 2310 llaose

202 2373 360 2444 acceptum
382 2365 530 2427 babeatur
551 2372 580 2426 et
602 2364 687 2428 litere
709 2363 892 2428 suldcieotes
914 2381 1008 2444 super
1028 2365 1086 2428 boc
1109 2366 1248 2446 expedite
1275 2367 1424 2446 uobisque
1451 2365 1616 2458 deliberate
1642 2365 1773 2443 fuerint,
1808 2373 2042 2442 nostrarumque

202 2484 373 2548 simillimas
391 2489 516 2561 paratas
532 2481 665 2548 babebit.
677 2483 713 2562 ¹)
746 2483 939 2564 interimque,
962 2491 995 2546 nt
1014 2485 1112 2548 omnis
1131 2501 1148 2547 e
1165 2484 1264 2548 medio
1282 2484 1409 2548 tollatur
1424 2484 1573 2561 simultas,
1596 2488 1623 2548 si
1645 2493 1783 2548 oratores
1804 2484 1927 2548 nomine
1948 2483 2044 2564 ipsius

202 2601 303 2664 llause
324 2600 362 2663 ad
384 2599 556 2663 Traiectum
578 2601 785 2680 supradictum
809 2602 855 2666 vel
877 2601 916 2664 ad
939 2599 1039 2665 locoru
1062 2602 1150 2667 nobis
1172 2604 1439 2682 propinquiorem,
1473 2606 1676 2666 transmittent
1704 2603 1784 2665 circa
1812 2600 1922 2666 festum
1945 2600 2043 2664 saneti

202 2719 350 2784 lobannis
376 2717 507 2796 baptiste
535 2718 723 2798 proximum,
756 2725 876 2782 nostros
903 2720 999 2781 eciam
1026 2719 1115 2783 istinc
1141 2717 1293 2784 destinare
1322 2721 1510 2797 curabimus,
1544 2723 1571 2783 si
1600 2727 1736 2802 tempore
1763 2735 1898 2802 congruo
1925 2719 1963 2782 de
1985 2718 2043 2781 hoc

101 2879 117 2904 .
205 2853 261 2902 nos
289 2838 435 2900 certiores
462 2833 608 2899 effluent:
653 2837 856 2914 nequeenim
883 2833 1021 2899 difficiles
1049 2840 1162 2900 snmus
1194 2841 1225 2899 ln
1253 2838 1343 2902 rebus
1370 2839 1461 2916 ipsis,
1496 2854 1554 2916 que
1583 2839 1737 2902 communi
1765 2838 1846 2901 bono
1873 2837 2044 2901 conducere

203 2955 392 3020 ridebuntur.
435 2953 480 3016 lix
502 2957 640 3040 manerio
660 2961 766 3018 nostro
787 2953 978 3032 debiturn,
1002 2957 1096 3018 tercio
1119 2969 1214 3020 nonas
1236 2954 1404 3020 lanuarias.

1661 3072 1832 3138 Edwardus
1853 3072 1890 3135 ll.

358 3185 401 3252 lo
424 3187 543 3256 dorso.-
577 3187 801 3270 spectabilibus
822 3199 851 3254 et
873 3189 1052 3256 clarissimis
1078 3192 1167 3269 ciris,
1201 3189 1439 3256 Proconsulibus
1466 3199 1495 3255 et
1523 3188 1707 3256 Consulibus
1736 3193 1865 3255 civitatis
1895 3188 2043 3254 llambor·

203 3307 316 3388 gensis,
338 3308 445 3371 amicis
468 3308 580 3371 nostris
601 3308 778 3372 carissimis.

232 3557 348 3644 clx,
398 3563 714 3666 Gelcifs-Brios
746 3562 817 3642 des
847 3563 999 3644 Balbos
1028 3590 1076 3644 su
1106 3563 1321 3646 Strolsoud
1347 3565 1415 3668 filla·
1447 3565 1510 3644 die
1543 3565 1767 3670 eoqlisclreo
1798 3565 2011 3666 Konflccfc.

913 3714 1031 3817 cass,
1062 3715 1176 3822 apra
1203 3715 1325 3820 sae)
1620 3719 1627 3734 ·

352 3895 508 3960 Universis
533 3903 563 3959 et
590 3895 720 3978 singulis
748 3903 903 3976 presentes
930 3895 1032 3960 literas
1059 3899 1240 3976 inspecturis
1266 3896 1481 3974 Proconsules,
1511 3896 1661 3962 Consules
1690 3906 1813 3977 totaque
1841 3901 2042 3962 communitos

202 4012 330 4075 mutuus
351 4009 626 4077 Stratossuudensis
649 4021 752 4077 uotum
776 4011 915 4092 brimus,
938 4013 1061 4094 publice
1082 4023 1335 4098 recognoscentes
1357 4031 1413 4095 per
1434 4023 1599 4094 presentes,
1623 4015 1704 4094 quod
1727 4032 1783 4078 oos
1805 4016 1990 4080 serenissimi
2013 4022 2042 4076 et

202 4129 389 4194 iudcduimi
409 4130 556 4208 principis
576 4138 607 4192 et
628 4129 762 4210 domini,
788 4131 904 4195 domiui
926 4129 1090 4210 lidwardi,
1113 4131 1222 4216 buglis
1243 4141 1273 4196 et
1293 4131 1420 4196 Francis
1442 4133 1523 4215 regis
1545 4133 1719 4213 dominique
1741 4131 1899 4209 lliberoie,
1926 4133 2041 4195 domini

202 4249 300 4310 nostri
321 4247 551 4328 preciosissimi,
574 4247 748 4329 regnicolis,
771 4249 909 4327 subditis,
932 4249 1161 4328 mercatoribus,
1183 4251 1355 4313 marinariis
1377 4258 1407 4314 et
1427 4249 1567 4315 fidelibus
1589 4253 1662 4329 suis,
1685 4250 1925 4330 quibuscumque
1947 4251 2045 4312 uomi-

201 4365 291 4428 oibus
312 4370 509 4441 censeantur,
539 4361 577 4427 de
603 4367 754 4445 presenti,
784 4369 967 4434 coniunctim
996 4377 1027 4432 et
1048 4368 1171 4433 cullibet
1193 4385 1231 4432 ex
1252 4369 1297 4433 eis
1318 4368 1456 4445 divisim,
1487 4372 1692 4434 concessimus
1719 4376 1748 4430 et
1777 4366 1974 4444 indulsimus,
2005 4373 2043 4442 et,

199 4481 288 4548 omni
305 4480 377 4545 dolo
400 4489 429 4544 et
450 4479 558 4544 fraude
579 4485 719 4560 mutnus,
750 4483 943 4550 concedimus
965 4493 996 4548 et
1016 4485 1224 4569 indulgemus,
1255 4486 1311 4550 sub
1335 4486 1444 4552 barum
1465 4487 1622 4552 literarum
1645 4487 1833 4562 testimonio,
1862 4485 1993 4547 liberum
2015 4493 2046 4546 et

200 4601 320 4664 firmum
341 4599 460 4664 salvum
482 4597 664 4662 conductum
688 4607 825 4664 nostrum
848 4618 884 4665 ac
906 4605 1043 4666 omnium
1066 4611 1094 4666 et
1116 4605 1307 4686 singulorum
1331 4613 1505 4669 nostrornm
1528 4603 1734 4679 subditorum,
1763 4617 1877 4666 necnon
1900 4617 2045 4680 quornm-

200 4733 328 4797 cumque
348 4717 479 4782 allorum
502 4724 604 4779 nostre
625 4716 771 4782 voluntati
792 4726 884 4798 atque
905 4716 1029 4783 dictioni
1047 4721 1264 4799 subiectorum,
1289 4725 1508 4800 cuiuscumque
1524 4735 1624 4796 serus,
1647 4726 1754 4796 status,
1778 4719 1931 4802 dignitatis
1954 4727 2044 4797 atque

200 4833 387 4927 condicionis
409 4834 559 4911 eristaut3
588 4835 630 4896 ita
652 4834 734 4914 quod
756 4837 816 4917 ipsi
838 4851 1036 4900 cumeorum
1057 4840 1202 4917 naribus,
1225 4839 1440 4917 mercandisis,
1463 4838 1617 4919 personis,
1643 4837 1731 4901 bouis
1752 4847 1781 4901 et
1803 4837 1893 4902 rebus
1915 4839 1989 4910 suis,
2013 4838 2042 4898 io

357 5103 382 5166 ¹)
408 5103 484 5156 stes:
511 5109 627 5170 nostras,
647 5117 793 5169 eorumque
811 5106 970 5166 strultllmss.
990 5112 1096 5170 perstas
1115 5108 1260 5170 habebunt,
1279 5107 1319 5159 vel
1337 5105 1505 5159 babebimus.

354 5201 381 5265 ²)
408 5202 467 5258 lus
485 5205 559 5259 eluar
576 5206 917 5272 ostensor-austerorum
934 5207 982 5260 suf
997 5207 1167 5274 Pergrmsot,
1185 5209 1234 5261 rrrlt
1250 5209 1444 5273 rugebtngtem
1464 5207 1559 5273 stegen,
1579 5208 1615 5260 lor
1634 5206 1793 5272 bambergae
1811 5204 1935 5259 Arcblre.
