4866 6264
968 549 1046 623 Unts
1069 552 1147 624 laltr
1172 515 1283 624 1820.
1951 550 2038 636 207

218 859 293 944 ΠΙ.
339 857 548 944 Scltrct'beu
588 858 660 941 dea
689 857 963 940 Alletmmtues
1000 859 1083 940 urtd
1111 861 1182 940 der
1212 857 1366 938 usaue
1393 883 1441 938 su
1470 856 1619 940 Boslort
1658 886 1710 941 ou
1746 861 1810 942 dic
1850 860 2039 943 deutsche

706 1013 841 1094 Hormo
870 1039 918 1092 su
945 1011 1115 1096 Loudoo.
1182 1011 1551 1146 UmoJaltr13203

371 1197 513 1261 Discretis
543 1197 630 1274 titis,
664 1192 879 1260 aldemanus
906 1195 1072 1275 ceterisque
1098 1194 1242 1260 fratribus
1271 1193 1370 1262 lause
1392 1192 1556 1284 alimonie
1583 1197 1614 1260 in
1643 1195 1819 1264 Lcodonin
1844 1197 2039 1262 existentibus

219 1313 453 1382 aldermannus
480 1315 630 1394 ceterique
657 1311 766 1377 fratrm
793 1312 873 1393 apud
902 1323 1048 1378 sanctum
1074 1311 1265 1397 Botltolfum
1295 1319 1408 1378 existen
1445 1311 1457 1397 ll
1494 1323 1538 1415 tes
1565 1315 1692 1379 salntem
1719 1320 1750 1380 in
1772 1325 1894 1380 auctore
1921 1315 2038 1380 salutis.

219 1432 303 1499 Sicut
324 1435 408 1499 robis
436 1435 467 1497 in
489 1433 595 1498 littetis
625 1433 736 1498 nostris
763 1431 999 1536 deciamuimus,
1036 1433 1082 1498 sic
1109 1431 1206 1500 adbuc
1236 1433 1411 1500 litteratorie
1432 1435 1515 1504 robis
1541 1435 1745 1516 publicamus,
1785 1435 1865 1514 qnod
1892 1449 2039 1498 consensu

219 1553 406 1620 aldermanni
433 1551 444 1634 tl
471 1557 566 1616 nostri
582 1551 797 1616 londoniensis
819 1560 849 1615 ιι
869 1554 1004 1616 omniurn
1026 1550 1212 1616 confratrum
1235 1561 1403 1616 nostrorum
1420 1561 1548 1617 scottum
1570 1553 1740 1617 ordinatum
1757 1552 1824 1630 fnit,
1846 1558 1923 1617 sicut
1944 1554 2038 1630 scitis,

220 1675 257 1738 ιιι
286 1674 419 1754 qualibet
448 1672 525 1736 libra
553 1671 767 1753 sterlingorum
793 1668 950 1736 duodecim
978 1671 1182 1735 denariorum.
1225 1669 1325 1752 Super
1350 1671 1430 1752 quod
1458 1689 1514 1736 nos
1551 1671 1561 1752 ti
1598 1671 1680 1752 apud
1712 1679 1845 1734 sanctum
1868 1669 2038 1734 Botbotbtm

220 1795 388 1869 existentes,
411 1799 542 1871 quatuor
563 1791 661 1854 socios
678 1789 884 1854 ordinauimns
906 1791 945 1854 ad
962 1790 1073 1854 dictum
1094 1799 1223 1856 scottum
1242 1790 1453 1874 colligendum,
1476 1791 1585 1870 quibus
1607 1791 1756 1857 communi
1778 1803 1925 1856 consensu
1948 1789 2037 1852 talem

219 1915 278 2002 rint
300 1911 454 1987 dedimus,
480 1908 559 1988 quod
581 1907 745 1988 quenlibet
759 1907 793 1986 ¹)
815 1906 902 1974 tratri
924 1917 1026 1976 nostre
1047 1909 1140 1974 banse
1160 1913 1317 1990 precipere
1338 1919 1478 1989 possent,
1499 1912 1557 1976 sub
1578 1927 1656 1990 pena
1678 1909 1703 1972 X
1726 1909 1889 1983 librarum,
1911 1915 2038 1972 scottum

218 2034 283 2096 eius
305 2031 344 2094 aa
366 2045 469 2094 eorum
492 2028 712 2094 ordinationem
734 2034 764 2091 ιι
784 2028 945 2092 terminum
967 2028 1071 2094 subtus
1098 2029 1137 2092 ab
1164 2029 1278 2096 eisdem
1299 2029 1446 2110 prefixum
1474 2031 1643 2112 deportare.
1686 2029 1748 2094 llos
1771 2045 1839 2094 tero
1861 2028 2038 2094 collectores

219 2151 272 2214 tali
294 2149 464 2214 condicioni
485 2147 707 2224 ordinauimus,
735 2146 815 2225 quod
837 2148 893 2210 sub
915 2163 993 2224 pena
1014 2147 1067 2210 XX
1090 2147 1235 2212 librarum
1258 2150 1462 2214 contradicere
1484 2166 1545 2214 non
1568 2149 1721 2224 valebant,
1752 2155 1781 2212 ιι
1809 2146 1889 2227 qnod
1918 2146 2037 2224 plenam

219 2271 306 2333 nobis
327 2269 365 2332 ιιι
386 2276 482 2332 scotto
505 2274 626 2346 recepto
646 2264 756 2329 facient
776 2269 1048 2346 computationem,
1078 2269 1156 2330 sicut
1183 2284 1251 2330 curn
1283 2267 1389 2333 totnlis
1418 2270 1481 2334 suis
1509 2277 1636 2348 possunt
1663 2267 1852 2332 confirmare.
1895 2264 1971 2332 ilino
1994 2275 2039 2330 est

219 2387 300 2466 quod
321 2404 375 2450 ros
396 2389 536 2467 petimus,
560 2401 702 2468 rogamus
725 2394 753 2448 et
775 2384 838 2450 lieri
862 2385 1010 2462 volumus,
1034 2393 1066 2448 ιιι
1087 2394 1117 2448 ιι
1133 2401 1186 2450 tos
1209 2349 1307 2452 taliter
1328 2387 1482 2466 ordinetis,
1505 2390 1575 2468 quia
1597 2387 1714 2452 euobis
1735 2383 1898 2450 secundum
1920 2384 2039 2450 rotulas

219 2524 291 2569 snas
308 2505 428 2585 plenam
451 2503 564 2567 babere
580 2504 717 2568 volumus
736 2507 999 2583 conputationem,
1021 2513 1051 2568 et
1072 2521 1127 2568 nos
1149 2521 1312 2569 econverso
1330 2507 1414 2571 robis
1435 2507 1557 2587 plenam
1579 2507 1830 2588 compotationem
1845 2503 1989 2572 faciemus
2011 2511 2039 2566 ιι

219 2624 368 2700 volumus,
391 2631 420 2684 rt
442 2623 532 2686 vestri
554 2621 729 2686 collectores
751 2623 855 2686 eadem
877 2630 1024 2702 potestate
1046 2631 1174 2700 utantur,
1197 2626 1273 2688 sicut
1294 2634 1324 2689 et
1344 2627 1450 2692 nostri.
1482 2625 1630 2690 Volumus
1651 2625 1740 2688 etlam
1764 2641 1801 2688 nc
1823 2623 1931 2702 aliquis
1953 2623 2040 2686 scotti

219 2744 316 2806 nostri
345 2741 460 2806 rotulas
488 2739 599 2804 babeat
627 2757 682 2802 nec
709 2739 872 2818 custodiat,
902 2741 954 2806 aed
982 2742 1040 2806 eoli
1068 2742 1259 2819 collectores,
1288 2753 1318 2808 ct
1344 2747 1371 2808 si
1399 2746 1553 2827 confingat
1578 2743 1708 2824 aliquem
1737 2743 1929 2810 collectorem
1958 2743 2040 2806 exire

218 2861 350 2926 officinm
372 2877 471 2937 suunt,
494 2859 633 2924 rolntntts
650 2866 679 2922 tt
701 2875 789 2924 suunt
810 2857 1057 2952 factumlsigiilet
1078 2868 1107 2926 at
1126 2860 1277 2926 custodiat
1298 2879 1391 2942 nsque
1413 2863 1451 2926 ad
1473 2862 1594 2940 plenam
1611 2862 1873 2941 computationem,
1897 2861 1985 2924 etiam
2008 2867 2041 2921 nt

219 2981 397 3045 collectores
418 2986 546 3043 scottum
568 2996 587 3041 a
608 2979 743 3058 quolibet
770 2995 826 3058 per
853 2995 1011 3045 nnmerum
1041 2981 1186 3058 recipiant
1212 2987 1240 3044 ιι
1268 2997 1324 3061 per
1351 2981 1478 3046 arduum
1499 2982 1700 3044 iuramentum
1730 2987 1760 3042 ιι
1786 2977 1872 3044 illum
1894 2993 1962 3040 cum
1984 2992 2039 3042 sua

219 3115 337 3164 summa
359 3104 388 3161 in
411 3099 517 3162 rotulis
539 3100 601 3162 suis
622 3099 750 3180 signent,
774 3101 844 3162 itent
865 3097 946 3177 quod
969 3097 1005 3163 ιιι
1027 3097 1085 3164 boc
1106 3107 1203 3164 scotto
1220 3099 1303 3164 nulla
1319 3101 1447 3178 pecnnia
1463 3099 1501 3164 nd
1518 3098 1598 3178 quod
1615 3096 1727 3166 factum
1743 3095 1964 3174 asteterunt)
1986 3095 2039 3160 sed

218 3219 285 3282 scia
306 3219 448 3297 pecunia,
475 3233 533 3297 qne
555 3231 697 3280 mocessa
720 3213 777 3280 fuit
797 3214 836 3280 ad
857 3216 984 3295 libram,
1013 3234 1070 3298 pro
1092 3235 1152 3299 qua
1173 3235 1252 3285 nunc
1273 3219 1446 3297 laboratur,
1474 3227 1504 3284 ιι
1524 3219 1582 3284 boc
1604 3237 1660 3284 suo
1680 3219 1848 3294 iuramento
1870 3216 2038 3279 confirmet.

218 3339 344 3418 insuper
364 3336 512 3412 uolumus,
536 3345 568 3400 ιιι
588 3339 615 3398 si
636 3337 704 3413 quis
725 3332 854 3400 fratrum
875 3345 1047 3402 nostrorum
1069 3339 1232 3416 transierit,
1253 3349 1284 3404 ιι
1305 3339 1482 3418 ιιιιιιιιιιιιι)
1504 3355 1564 3403 non
1586 3337 1774 3414 satisfecerit,
1797 3345 1830 3401 nt
1850 3335 1919 3400 talis
1940 3333 2039 3398 littera

219 3457 388 3521 senioribus
410 3459 521 3520 nostris
544 3463 627 3518 trans
650 3469 733 3517 mare
753 3455 919 3532 scribatur,
943 3449 975 3519 ni
997 3457 1035 3520 ab
1057 3456 1111 3521 ilio
1133 3457 1186 3518 xx
1208 3456 1284 3523 libre
1306 3473 1362 3538 pro
1382 3475 1475 3538 pena,
1498 3475 1556 3521 rna
1578 3474 1646 3523 cutn
1669 3464 1764 3520 scotto
1786 3471 1852 3536 suc,
1875 3453 2037 3527 tollantnr;

219 3581 245 3640 si
268 3593 339 3640 vero
359 3577 534 3638 immunitus
556 3569 708 3638 transierit
737 3587 813 3650 non,
842 3572 895 3638 sed
923 3573 1051 3655 simplex
1080 3584 1209 3640 scottum
1237 3576 1347 3642 soluat.
1390 3576 1538 3642 Volumus
1560 3579 1667 3653 etiant,
1697 3575 1778 3655 qnod
1804 3572 1884 3640 istud
1912 3579 2039 3638 scottum

218 3695 356 3760 soluatur
377 3695 414 3758 de
436 3695 576 3758 omnibus
598 3693 701 3770 bonis,
729 3709 787 3771 qne
808 3710 825 3755 a
849 3701 983 3774 tempure
1004 3693 1139 3774 paschali
1161 3697 1192 3758 in
1214 3699 1278 3796 istis
1300 3700 1387 3759 terris
1409 3696 1530 3760 fuerunt
1550 3705 1581 3760 ιι
1601 3702 1704 3771 eruntt
1732 3695 1803 3760 lieet
1824 3694 1914 3757 etiam
1935 3691 2037 3768 atiena

223 3815 304 3876 bona
328 3822 396 3877 ante
416 3812 531 3876 Pascha
553 3817 584 3875 in
605 3812 715 3896 anglia
737 3811 864 3876 fuissent
884 3820 914 3876 ιι
935 3820 1005 3893 post
1024 3813 1140 3878 Pascite
1167 3817 1368 3893 mansissent,
1398 3816 1436 3880 ιιι
1457 3815 1519 3879 iilis
1547 3816 1634 3880 bonis
1662 3811 1842 3889 satisfaciet,
1873 3812 1942 3877 licet
1970 3817 2039 3874 ante

141 3907 158 3948 ⁸
220 3931 439 3994 ordinationem
461 3940 544 3996 extra
567 3940 665 3996 terras
686 3929 784 3996 forent
806 3931 964 3996 destinata.
1002 3929 1099 3996 uuam
1121 3935 1148 3996 si
1170 3933 1302 4013 ationem
1323 3942 1460 3998 nostrum
1481 3933 1662 4000 conlustrent
1684 3937 1841 4012 pecuniam
1863 3931 1912 3995 ltie
1933 3929 2039 3995 tollere

220 4052 390 4129 confingat,
418 4051 448 4111 in
470 4048 613 4114 flandria
635 4050 681 4114 rel
703 4048 780 4114 alias
803 4050 1002 4128 reddendam,
1031 4051 1169 4115 volumus
1191 4059 1221 4115 rt
1241 4052 1279 4114 ιιι
1300 4051 1357 4116 ltac
1379 4051 1558 4130 satisfaciat:
1577 4053 1630 4116 tali
1652 4051 1845 4126 condicione,
1873 4047 1954 4130 quod
1977 4064 2037 4111 nnn

219 4167 308 4230 tollat
329 4167 440 4230 dictant
461 4169 620 4246 pecuniam
636 4167 813 4234 soluendam
834 4170 872 4234 ιιι
887 4172 951 4234 suis
972 4171 1069 4248 bona,
1091 4169 1128 4234 de
1150 4170 1258 4249 quibus
1275 4170 1430 4251 satisfecit.
1463 4171 1610 4236 Volumus
1631 4171 1764 4238 etiamsi
1785 4167 1894 4246 aliquis
1911 4166 2037 4232 fratrum

221 4294 392 4350 nostrorum
414 4287 457 4347 ita
478 4283 592 4348 ribellis
613 4287 751 4349 inuentus
772 4286 871 4364 fuerit,
895 4288 976 4367 quod
998 4290 1120 4354 omnino
1141 4289 1314 4354 satisfacere
1336 4291 1479 4369 noluerit,
1501 4295 1600 4372 ipsum
1622 4295 1753 4372 signate,
1775 4288 1870 4350 donec
1891 4289 2035 4352 maiorem

219 4411 397 4483 potestatem
420 4410 540 4466 nostros
567 4401 674 4466 lintres
702 4404 844 4482 puniendi
869 4406 1045 4486 babeamus.
1088 4407 1125 4472 Et
1151 4409 1222 4488 qnia
1249 4409 1328 4472 istud
1354 4417 1480 4474 scottum
1508 4410 1547 4474 ad
1575 4413 1705 4490 quingen
1734 4452 1869 4470 .......
1897 4421 1965 4469 corn
1994 4413 2039 4468 est

219 4521 401 4598 ordinatum,
424 4520 517 4597 decet,
540 4529 570 4583 rt
591 4539 626 4584 eo
644 4522 733 4586 nobis
748 4523 865 4586 medius
878 4525 914 4601 ι)
937 4534 966 4588 ιι
987 4525 1150 4590 districtius
1171 4527 1210 4591 de
1231 4523 1492 4609 conputationibus
1514 4529 1624 4592 nostris
1644 4525 1868 4605 prouidenmus.
1911 4524 1948 4588 lit
1969 4525 2038 4603 qnia

220 4643 401 4706 ordinationi
431 4649 532 4702 nostre
561 4656 616 4719 per
643 4640 757 4706 litteras
785 4651 899 4706 vestras
929 4652 1015 4707 antea
1044 4646 1132 4708 nobis
1160 4662 1338 4711 consensum
1368 4657 1497 4712 restrum
1524 4647 1699 4722 intimastis,
1730 4659 1873 4726 rogamus
1902 4650 1934 4706 nt
1960 4643 2037 4706 banc

221 4761 439 4824 ordinationem
463 4775 480 4821 ι
508 4759 596 4823 nubis
623 4763 822 4824 communiter
847 4763 1017 4826 ordinatam
1045 4779 1101 4840 pro
1129 4766 1281 4830 communi
1308 4775 1410 4830 nostra
1434 4765 1572 4840 utilitate,
1602 4765 1678 4828 sicut
1706 4763 1793 4826 nobis
1816 4763 1946 4840 videtur,
1977 4778 2037 4825 non

221 4877 343 4961 indigne
362 4878 482 4942 ferens.
537 4877 641 4941 Valete
668 4879 753 4943 nobis
779 4881 980 4962 precipientes
1005 4888 1034 4944 ιι
1060 4883 1098 4944 ad
1127 4884 1274 4960 premissa
1300 4885 1457 4960 facientes,
1492 4885 1581 4946 sicut¹
1595 4891 1692 4946 vestre
1713 4890 1742 4946 ιι
1768 4889 1869 4945 nostre
1896 4882 2037 4961 competit

222 4997 348 5060 utilitati.

376 5247 400 5311 ¹)
428 5249 503 5312 Lep:
529 5251 642 5302 cuilibet.
778 5251 804 5318 ²)
831 5253 905 5317 Lep.-
932 5253 1091 5306 delttcictnr.
1235 5257 1261 5320 ³)
1289 5257 1413 5322 discitur,
1432 5259 1449 5308 i.
1467 5271 1490 5310 ι.
1509 5259 1634 5308 monitus.
1779 5255 1804 5320 ⁴)
1832 5255 1905 5318 Lep„-
1931 5253 2035 5306 melina.
