4914 6254
1002 555 1112 649 nuso,
1138 559 1202 630 uu
1227 555 1302 660 nl„
1509 519 1514 528 ’
1738 554 1748 560 ·
2007 557 2064 637 er

154 917 157 922 ,
226 848 351 912 leuinms
373 853 521 926 patentes.
565 843 657 908 Teste
678 811 833 923 meipso,
856 849 931 921 aput
953 839 1272 920 westmonasterium,
1296 843 1546 906 duodecimodic
1569 843 1658 920 Maii,
1682 859 1762 906 anno
1784 845 1870 925 regni
1894 844 1988 906 nostri
2011 843 2065 902 tri·

226 968 337 1030 nesimo
360 972 480 1044 quarto

378 1083 436 1146 Per
456 1084 557 1162 ipsum
578 1097 683 1164 regem
705 1081 794 1146 etde
816 1079 885 1144 deta
907 1080 1060 1160 predicta,
1090 1083 1269 1144 auctoritate
1291 1081 1502 1161 parliamenti,
1532 1088 1561 1144 et
1583 1097 1641 1161 pro
1664 1089 1778 1160 septem
1802 1080 1912 1145 marcis
1935 1085 2065 1158 quatuor

226 1203 332 1268 solidis
354 1210 384 1266 et
405 1211 538 1282 quatuor
559 1200 692 1266 denariis
714 1199 875 1265 sulutis'in
898 1200 1074 1280 beuaperio.

227 1457 387 1544 xcvi.
441 1461 658 1543 Volbnnoltl
696 1461 872 1578 abscidere
903 1461 975 1540 dee
1003 1459 1128 1541 Abies
1156 1487 1229 1542 oon
1260 1459 1317 1542 Sl.
1348 1459 1501 1541 Albane
1528 1461 1595 1564 ster
1624 1461 1670 1540 R.
1702 1462 1854 1563 Pooep,
1895 1485 1959 1538 nm
1991 1459 2066 1538 dne

350 1615 597 1694 Grundstttob
626 1622 667 1693 in
705 1613 920 1718 andcpos
945 1613 1055 1695 Leone
1083 1620 1124 1694 io
1154 1613 1289 1694 Bcsiie
1317 1639 1364 1693 zer
1393 1615 1564 1695 cedmon.
1626 1612 1742 1714 1456,
1774 1613 1856 1692 ilinc·
1884 1610 1944 1690 tu.

381 1797 527 1861 Nouerint
549 1798 678 1861 uniuersi
700 1813 756 1876 per
777 1803 935 1877 presentes
957 1811 1013 1858 uos
1034 1795 1220 1872 Johanuem,
1253 1797 1455 1875 permissione
1477 1797 1581 1858 diuina
1605 1793 1750 1860 Abbatem
1774 1795 1947 1858 monasterii
1970 1793 2066 1856 sancti

229 1914 349 1990 Albani,
372 1922 400 1978 et
421 1915 554 1980 eiusdem
578 1916 636 1978 loci
659 1923 840 1980 conuentum
863 1913 987 1993 iecisse,
1010 1915 1182 1992 ordinasse,
1216 1916 1409 1978 constituisse
1431 1923 1460 1978 et
1482 1913 1550 1977 loco
1573 1923 1677 1978 nostru
1713 1913 1724 1996 l
1763 1913 1902 1991 posuisse
1924 1911 2066 1974 dilectum

229 2034 318 2099 nobis
340 2036 369 2097 in
391 2030 512 2098 Cbristo
534 2033 697 2099 Ricardum
719 2031 818 2116 Paeey
840 2043 977 2100 nostrum
1001 2051 1104 2098 rerum
1126 2040 1155 2097 et
1182 2035 1348 2116 legitimum
1376 2041 1560 2106 attenuatum
1590 2032 1628 2096 ad
1656 2030 1864 2113 recipiendum
1891 2045 1948 2110 pro
1979 2029 2066 2093 uobis

181 2167 190 2184 ·
229 2162 258 2218 et
279 2155 399 2218 nomine
421 2162 526 2216 nostru
549 2153 587 2218 de
608 2151 769 2235 lladulpbo
792 2152 927 2244 boteler,
950 2154 1062 2232 milite,
1084 2153 1208 2217 domino
1231 2153 1268 2216 de
1290 2152 1440 2235 Sudeley,
1464 2161 1493 2216 et
1514 2151 1653 2216 iohanne
1680 2149 1691 2235 ll
1717 2150 1835 2227 Hende,
1859 2153 1993 2225 iuniore,
2018 2165 2067 2212 nr·

229 2274 361 2354 nigore,
389 2273 435 2336 rel
458 2289 563 2336 eornm
585 2273 616 2335 in
640 2273 697 2336 bac
719 2281 807 2352 parte
830 2280 912 2336 certo
934 2282 1102 2351 attornato,
1132 2275 1254 2354 plenam
1279 2283 1310 2336 et
1331 2275 1487 2352 pecilloam
1510 2274 1652 2336 saisinam
1674 2289 1710 2334 ac
1732 2272 1957 2349 possessionem
1979 2267 2017 2331 de
2038 2275 2067 2329 et

228 2394 259 2454 in
282 2397 345 2454 toto
368 2399 538 2456 tenemento
559 2407 616 2456 sno
638 2408 707 2456 cum
730 2372 813 2472 bopo
834 2391 1005 2470 adiacente,
1034 2392 1126 2460 simul
1148 2409 1216 2457 cum
1238 2393 1379 2456 omnibus
1408 2390 1418 2474 ΙΙ
1445 2390 1725 2467 commoditatibus,
1758 2389 1944 2454 aisiamentis
1966 2394 1995 2450 et
2017 2401 2065 2448 ce-

228 2515 301 2575 teris
322 2513 387 2574 suis
408 2511 598 2590 pertiuentiis
619 2527 655 2575 ac
678 2512 792 2575 iuribus
815 2512 1071 2592 quibuscumque,
1105 2511 1250 2593 predictis
1280 2519 1448 2575 tenemento
1476 2520 1504 2575 et
1534 2512 1616 2593 tayo
1645 2509 1905 2589 qualitercumque
1927 2513 2067 2587 spectau-

229 2631 327 2707 tibus,
356 2631 474 2694 situatis
496 2631 526 2692 in
556 2629 674 2694 venelia
702 2639 806 2694 uocata
828 2631 1095 2714 Wyntlegnselaue
1122 2633 1151 2695 iu
1180 2628 1326 2711 parocbia
1349 2629 1494 2694 Omnium
1515 2629 1697 2696 Sanctorum
1727 2628 1764 2692 ed
1793 2623 1896 2691 lenum
1918 2623 2067 2701 London,

228 2748 393 2812 secundum
417 2750 493 2826 rim,
527 2748 657 2813 sormam
680 2757 709 2812 et
731 2749 866 2814 effectum
890 2751 1047 2814 cuiusdam
1077 2757 1159 2814 carle
1186 2766 1242 2829 per
1264 2751 1361 2814 dictos
1383 2750 1578 2830 Radulpbum
1608 2755 1637 2814 el
1657 2749 1826 2813 iohannem
1849 2745 1952 2810 flendo
1978 2745 2066 2808 nobis

228 2867 365 2946 prelatis,
390 2866 499 2932 Abbati
521 2875 550 2932 et
572 2869 743 2945 conueului,
766 2869 837 2934 inde
858 2868 1010 2949 coniecte;
1042 2877 1141 2933 ratum
1164 2876 1193 2932 et
1214 2877 1334 2952 gratnm
1357 2869 1502 2933 babentes
1524 2876 1554 2932 et
1576 2869 1733 2932 babituros
1756 2873 1850 2930 lotum
1872 2874 1902 2929 et
1924 2861 2067 2943 quioquid

229 2988 384 3069 predictus
404 2996 574 3052 attornatus
596 2997 700 3052 noster
721 2989 843 3052 nomine
866 2998 970 3053 nostro
992 2988 1097 3053 iecerit
1124 2990 1153 3051 in
1180 2989 1348 3067 premissis.
1399 2987 1430 3052 ln
1458 2989 1544 3052 cuius
1575 2990 1618 3051 rei
1647 2988 1847 3051 testimonium
1877 2983 2068 3065 presentibus

228 3104 362 3188 sigillum
385 3115 521 3170 nostrum
544 3123 703 3171 commune
724 3109 933 3188 apposuimus.
979 3107 1087 3172 ilatum
1110 3107 1359 3188 quatuordecimo
1382 3106 1429 3170 die
1452 3109 1564 3172 mensis
1586 3106 1668 3184 Maii,
1691 3122 1771 3171 anno
1794 3107 1879 3187 regni
1895 3104 1976 3186 regis
1990 3101 2067 3166 ilen-

230 3225 285 3286 rici
306 3225 383 3287 sexti
405 3232 476 3304 post
496 3234 693 3304 conquestum
716 3227 868 3290 tricesimo
890 3237 1010 3306 quarto.

229 3477 409 3566 xcvn.
459 3483 536 3562 Der
560 3483 689 3563 unser
712 3483 759 3562 lt
785 3484 947 3566 Botclar
975 3512 1049 3568 oon
1075 3485 1243 3589 Sedelcp
1271 3487 1353 3568 und
1375 3487 1412 3566 J.
1436 3485 1574 3568 Herode
1603 3485 1823 3598 bmtdtmon
1856 3485 1943 3564 dem
1967 3481 2068 3562 Abte

272 3663 345 3718 oon
371 3635 429 3718 St.
455 3636 608 3718 Albane
634 3637 711 3718 doe
736 3637 984 3719 Grcucdelttcb
1006 3639 1196 3754 und-Kup
1221 3645 1262 3718 in
1284 3638 1502 3743 Wpudcpos
1525 3639 1645 3718 Lana.
1707 3633 1824 3736 1456,
1856 3634 1938 3716 Moe·
1962 3635 2023 3714 tu.

380 3817 484 3883 Seiam
500 3827 657 3898 presentes
678 3827 708 3882 et
728 3818 822 3884 luturi
845 3820 925 3899 quod
948 3835 1015 3898 nus,
1037 3818 1217 3901 lladulpbus
1235 3818 1363 3898 Boteler,
1387 3821 1484 3898 miles,
1506 3820 1648 3884 dominus
1667 3817 1704 3882 de
1721 3812 1853 3899 Sudeley
1872 3825 1901 3881 et
1915 3816 2069 3881 lohannes

229 3936 331 4002 ilende
352 3939 463 4018 iunior,
485 3940 632 4022 armiger,
666 3939 823 4016 dedimuss
836 3918 1054 4004 'concessimus
1091 3937 1102 4022 ll
1139 3946 1169 4003 et
1191 3938 1248 4003 bac
1270 3941 1403 4019 presenti
1426 3948 1509 4003 carta
1532 3946 1634 4002 nostra
1657 3937 1905 4001 confirmabimus
1926 3935 2067 4012 iohanni,

230 4057 430 4137 permissione
452 4055 556 4121 diniua
577 4057 680 4122 abbati
702 4059 878 4123 monasterii
907 4059 1002 4122 sancti
1025 4058 1150 4136 Albani,
1185 4067 1214 4122 et
1242 4058 1376 4123 eiusdem
1406 4059 1467 4122 loci
1493 4059 1655 4122 conuentui
1682 4065 1779 4122 totum
1817 4055 1827 4140 ΙΙ
1866 4063 2068 4121 tenementum

230 4183 366 4240 nostrum
389 4191 457 4240 cum
480 4175 561 4255 lrayo
583 4173 738 4242 adiacente
759 4175 846 4258 (soie
869 4162 1479 4263 ineorberqebenderNo.'LXX1X.
1503 4175 1580 4259 bis)
1607 4176 1789 4258 aquilonari.
1832 4174 1923 4256 Quod
1947 4175 2068 4252 quidem

230 4299 433 4356 tenementum
456 4307 525 4356 cum
548 4293 630 4374 ltayo
652 4295 808 4360 adiacente
829 4303 858 4359 et
880 4299 943 4360 suis
965 4298 1155 4378 pertinentiis
1176 4297 1320 4377 predictis
1342 4315 1398 4361 nos
1419 4296 1530 4376 prelati
1543 4295 1723 4377 Radulpbus
1737 4295 1857 4358 Botelcr
1878 4292 2069 4356 crttnbannss

231 4411 335 4477 llende
356 4427 454 4491 nuper
474 4411 636 4476 babuimus
657 4415 760 4492 nobis,
794 4415 956 4479 heredibus
978 4423 1007 4480 et
1029 4417 1192 4500 assignatis
1216 4417 1327 4480 uostris
1350 4419 1571 4496 imperpetuum
1594 4433 1630 4480 es
1653 4415 1843 4490 dimissione,
1866 4411 2068 4486 tentamento,

231 4531 408 4608 tradicione,
432 4529 653 4595 deliberacione
675 4540 704 4595 et
727 4531 960 4597 confirmacione
983 4533 1129 4598 Willelmi
1154 4534 1321 4618 dlnewyk,
1344 4535 1545 4615 permissione
1566 4535 1670 4598 diuina
1691 4531 1901 4596 Lincolneusis
1923 4531 2069 4611 episcopi,

150 4695 154 4704 ,
229 4650 377 4716 lobannis
398 4647 500 4732 Flnap,
524 4649 664 4729 ospitalis
686 4652 809 4716 beronis
831 4653 976 4716 scaccarii
998 4651 1112 4717 domini
1136 4656 1226 4738 regis,
1249 4663 1279 4718 et
1300 4653 1417 4718 Thone
1430 4651 1611 4732 Rothetlell,
1635 4661 1726 4734 prout
1748 4667 1804 4733 per
1825 4651 1977 4730 qnondam
2000 4665 2069 4712 car·

233 4777 294 4832 tam
315 4785 413 4846 suam,
436 4772 523 4834 cuius
544 4767 649 4834 datum
672 4777 718 4834 est
739 4769 904 4848 bondonis,
927 4770 1107 4836 duodecimo
1129 4772 1178 4836 die
1200 4775 1311 4837 mensis
1333 4773 1518 4849 Decembris,
1541 4786 1623 4834 annu
1644 4772 1730 4854 regni
1753 4772 1834 4853 regis
1852 4768 1972 4833 Henrici
1994 4771 2070 4832 sexti

231 4895 302 4964 post
323 4897 521 4987 conquestum
544 4889 686 4953 vicesimo
709 4896 804 4966 sesto,
826 4889 899 4954 iude
920 4887 1088 4954 conlectam
1111 4891 1231 4970 plenius
1254 4893 1434 4969 continetur,
1458 4890 1630 4954 babendum
1653 4898 1681 4954 et
1704 4889 1865 4954 tenendum
1887 4896 1981 4953 totum
2000 4905 2070 4970 pre·

233 5004 346 5068 dictum
368 5014 567 5072 tenementum
590 5023 659 5072 cum
683 5008 764 5089 layo
787 5006 962 5087 adiacente,
995 5009 1086 5073 simul
1110 5026 1179 5074 cum
1206 5012 1347 5076 omuibus
1375 5008 1655 5087 commoditatibus,
1689 5011 1875 5074 aisiameulis
1904 5018 1934 5074 ct
1962 5009 2070 5072 ceteris

232 5125 296 5188 suis
317 5127 506 5206 pertinentiis
527 5143 564 5192 ac
585 5126 702 5192 iuribus
731 5129 878 5192 uniuersis
907 5125 1033 5210 prelatis
1062 5127 1165 5193 abbati
1192 5138 1221 5194 et
1248 5132 1407 5194 conuentui
1437 5147 1474 5194 ac
1501 5129 1728 5196 successoribus
1756 5129 1819 5194 suis
1848 5130 2069 5210 imperpetuum

233 5240 271 5305 de
292 5240 474 5321 capitalibus
495 5243 627 5311 dominis
648 5244 730 5312 leodi
752 5245 834 5311 illius
857 5263 912 5328 per
932 5248 1064 5312 seruicia
1087 5247 1157 5311 inde
1178 5247 1279 5312 debita
1303 5248 1390 5313 etde
1414 5252 1478 5312 iure
1500 5257 1654 5314 consueta.
1707 5247 1740 5312 lu
1763 5249 1848 5314 cuins
1872 5249 1913 5312 rei
1936 5247 2070 5312 testimo·
