4866 6264
967 553 1076 653 rurs,
1101 559 1187 630 nus
1213 555 1272 628 ne.
1529 539 1532 545 ’
1951 563 2030 644 141

213 845 309 908 nostri
328 839 454 924 Angue,
486 840 519 904 in
540 839 776 920 quibuscumque
797 838 926 906 nauibus
953 844 1000 907 rei
1022 847 1102 910 vasis
1130 859 1259 924 ponere,
1293 841 1452 924 esbippare
1480 853 1509 907 et
1532 828 1575 908 'ad
1602 853 1704 925 partes
1732 855 1850 912 exteras
1879 843 2036 910 traducere

211 962 359 1040 poterint;
392 975 521 1040 quarum
549 959 684 1023 omnium
711 957 969 1024 mercand'marum
996 961 1041 1026 sic
1070 959 1314 1027 adducendamm
1342 961 1389 1024 rei
1418 959 1639 1028 educendamm
1667 972 1802 1030 custume
1830 973 1860 1028 et
1888 963 2034 1042 subsidia,

211 1085 294 1145 iuxta
311 1078 475 1144 earundem
493 1085 591 1142 ratum
608 1085 638 1142 ct
654 1079 849 1158 quantitatem
866 1087 1071 1146 custumarum
1093 1089 1123 1144 et
1143 1078 1345 1144 subsidiorum
1356 1079 1480 1162 {tuntum
1502 1090 1532 1145 et
1552 1099 1614 1147 nun
1629 1083 1720 1162 ultra,
1741 1083 1862 1164 (qrralia
1880 1092 2035 1148 custumas

211 1207 241 1263 et
261 1197 399 1264 subsidia
418 1187 601 1262 mercatores
622 1195 720 1260 llanse
741 1197 874 1276 predicte
895 1199 984 1263 nobis
1004 1207 1056 1264 aut
1076 1197 1322 1280 progenitoribus
1343 1201 1407 1264 siue
1428 1197 1692 1282 predecessoribus
1713 1207 1839 1280 nostris,
1874 1201 1912 1266 ad
1934 1204 2034 1266 minus

211 1325 280 1382 ante
302 1333 415 1382 annum
436 1319 574 1394 quintum
595 1317 682 1398 regni
703 1317 798 1380 nostri
819 1317 977 1382 soluemnt
996 1325 1049 1384 aut
1063 1317 1183 1381 soluere
1201 1327 1421 1384 consueuerunt
1439 1335 1498 1398 pro
1519 1321 1663 1384 custumis
1684 1327 1714 1382 et
1733 1321 1876 1386 subsidiis
1898 1337 2034 1386 mercan-

210 1437 345 1502 disarum
367 1433 521 1512 suarum)
542 1433 582 1498 ad
601 1447 752 1498 summum
772 1434 877 1501 decem
898 1435 1025 1500 millium
1046 1435 1195 1500 librarum
1215 1437 1247 1500 in
1269 1443 1331 1500 tuto
1352 1454 1385 1502 se
1403 1439 1559 1520 attingent,
1582 1439 1695 1518 absque
1717 1435 1869 1518 aliquibus
1890 1443 2034 1504 custumis

210 1564 240 1620 et
261 1553 404 1619 subsidiis
425 1553 513 1618 nobis
534 1560 586 1617 aut
606 1551 765 1618 beredibus
787 1557 898 1620 nostris
920 1562 972 1619 aut
993 1555 1143 1636 aliquibus
1166 1555 1377 1621 collectoribus
1398 1557 1463 1621 siue
1479 1558 1681 1634 custumariis,
1704 1558 1769 1622 siue
1790 1557 1857 1622 aliis
1879 1557 2034 1647 officiariis

169 1706 180 1718 -
210 1685 239 1738 et
260 1674 406 1738 ministris
428 1673 557 1749 nostris,
586 1670 739 1736 soluendis
768 1679 819 1737 aut
845 1673 1007 1752 babendis;
1037 1682 1066 1738 et
1087 1675 1201 1772 absque
1223 1676 1408 1753 impetitione
1435 1675 1546 1752 nostri,
1575 1674 1738 1748 beredum',
1768 1675 1983 1740 officiariorum
2005 1685 2035 1739 et

108 1877 115 1889 ἡ
209 1793 415 1857 ministrorum
444 1798 616 1856 nostrorum
643 1805 917 1874 quorumcumque3
948 1825 989 1838 -
1016 1809 1074 1874 per
1099 1793 1278 1858 indenturas
1306 1792 1343 1857 de
1373 1801 1508 1875 tempure
1535 1796 1567 1858 in
1596 1802 1714 1875 tempus
1741 1795 1821 1858 inter
1850 1803 2032 1858 mercatores

207 1912 361 1991 predictos
381 1912 447 1976 siue
468 1924 572 1973 eorum
594 1907 712 1988 aliquos
728 1910 774 1975 rel
795 1909 940 1991 aliquem,
962 1920 993 1976 et
1013 1911 1188 1976 collectores
1211 1920 1240 1976 et
1261 1913 1461 1976 customarios
1483 1920 1687 1978 customarum
1709 1921 1738 1978 et
1759 1914 1979 1990 subsidiorum,
2002 1915 2034 1976 in

206 2029 355 2112 portubus
375 2029 440 2094 siue
460 2033 561 2106 portu,
583 2028 614 2090 in
634 2044 712 2108 quos
728 2028 776 2094 rel
797 2043 887 2108 quem
909 2031 1094 2096 mercacdne
1111 2039 1140 2094 et
1161 2031 1356 2096 mercimonia
1371 2031 1426 2096 illa
1447 2034 1491 2096 sic
1507 2031 1637 2096 adducta
1659 2031 1778 2110 luerint,
1802 2039 1832 2095 et
1848 2039 1933 2095 extra
1956 2049 2033 2112 quos

207 2149 255 2213 vel
276 2163 365 2228 quem
385 2146 558 2212 huiusmodi
580 2147 768 2212 mercandise
790 2155 819 2212 et
837 2150 1035 2215 mercimonia
1065 2148 1104 2213 ad
1131 2158 1233 2228 partes
1262 2158 1380 2214 exteras
1402 2149 1611 2228 traducentur,
1641 2150 1814 2214 huiusmodi
1835 2149 2033 2214 adductiones

205 2276 234 2332 et
255 2267 457 2332 traductiones
472 2264 675 2329 testificantes.
707 2265 765 2330 Per
786 2283 914 2345 querum
930 2266 1052 2347 quidem
1074 2267 1301 2332 indenturarum
1316 2268 1443 2332 alteram
1464 2277 1581 2350 partem
1598 2269 1736 2334 uolumus
1756 2271 1840 2350 ipsos
1856 2268 2033 2332 collectores

204 2394 234 2450 et
254 2387 455 2450 custumarios
477 2391 626 2448 eteorum
648 2383 821 2463 quemlibet,
844 2385 882 2450 de
903 2387 1042 2450 omnibus
1057 2387 1203 2450 custumis
1225 2394 1254 2450 et
1271 2386 1412 2450 subsidiis
1434 2388 1692 2452 mercandisarum
1717 2397 1746 2451 et
1768 2389 2033 2452 mercimoniorum

202 2504 426 2584 predictorum,
456 2517 528 2585 erge
557 2517 614 2567 nos
635 2511 665 2567 et
685 2501 811 2568 beredes
831 2495 952 2568 nostros
973 2507 1133 2570 exonerari
1155 2514 1184 2568 et
1205 2506 1380 2584 acquietari.
1424 2504 1461 2570 Et
1481 2507 1606 2588 insuper
1629 2507 1766 2574 volumus
1788 2515 1817 2572 et
1838 2505 2031 2572 concedimus

204 2621 331 2702 prelatis
352 2619 579 2698 mercatoribus,
601 2620 682 2701 quod
704 2623 762 2701 ipsi
784 2625 849 2686 siue
870 2639 975 2688 eorum
997 2624 1091 2703 aliqui
1112 2632 1265 2688 custumes
1287 2631 1317 2688 et
1336 2623 1471 2689 subsidia
1489 2625 1636 2705 predicta,
1658 2629 1741 2690 iuxta
1764 2635 1862 2690 ratam
1885 2634 1915 2690 et
1936 2642 2032 2705 quau-

203 2743 318 2806 titutem
340 2738 505 2821 predictas,
538 2737 577 2802 ad
604 2753 754 2803 summam
777 2738 880 2803 decem
901 2740 1030 2805 millium
1052 2741 1200 2806 librarum
1221 2743 1414 2826 attingentes,
1448 2745 1479 2808 in
1501 2745 1641 2810 manibus
1662 2748 1725 2810 suis
1746 2744 1880 2826 propriis
1902 2743 2032 2808 babeant

204 2868 233 2926 el
254 2859 418 2936 retineant,
447 2859 562 2938 absque
583 2865 725 2937 computo
747 2874 800 2924 seu
823 2858 925 2938 aliquo
946 2859 1007 2924 aiio
1029 2861 1117 2924 nobis
1138 2859 1208 2924 inde
1230 2860 1384 2925 reddendo
1405 2879 1459 2926 seu
1479 2863 1641 2941 soluendo;
1675 2871 1704 2927 et
1725 2862 1807 2942 quod
1835 2865 1895 2948 ipsi
1915 2879 2032 2927 merca-

202 2985 283 3042 tores
304 2978 342 3043 de
362 2978 502 3043 omnibus
523 2975 592 3045 aliis
613 2977 756 3056 summis,
785 2993 844 3057 que
865 2977 903 3042 ab
926 2978 1001 3058 ipsis
1022 2977 1060 3044 de
1081 2980 1224 3044 custumis
1246 2987 1276 3042 et
1297 2979 1438 3044 subsidiis
1459 2979 1619 3062 predictis,
1641 2980 1719 3044 vltra
1741 2989 1838 3044 ratam
1861 2989 1891 3044 et
1912 2981 2032 3061 quanti-

202 3104 294 3161 tatem
322 3097 488 3176 predictas‚
520 3095 558 3162 ad
586 3111 663 3177 opus
689 3103 825 3161 nostrum
854 3114 908 3162 seu
936 3098 1080 3164 beredum
1110 3107 1283 3164 nostrorum
1309 3099 1389 3182 exigi
1415 3106 1558 3181 poterunt
1578 3100 1796 3180 quouismodo,
1830 3116 1903 3184 erga
1925 3117 1981 3164 uos
2003 3108 2032 3163 et

202 3215 329 3280 heredes
362 3223 484 3280 nostrus
519 3223 719 3279 exonerentur
749 3224 779 3282 et
813 3216 1018 3296 acquictentur
1044 3235 1080 3283 ac
1106 3234 1212 3282 eorum
1240 3218 1365 3298 quilibet
1393 3229 1573 3285 exoneretur
1600 3228 1629 3283 et
1657 3221 1854 3300 acquietetur.
1903 3219 2031 3283 Prouiso

202 3351 338 3416 semper,
368 3333 449 3414 quod
470 3331 572 3400 nullus
593 3333 688 3409 alius,
717 3342 909 3414 preterquam
932 3345 1114 3400 mercatores
1136 3336 1173 3399 de
1189 3335 1295 3402 llansa
1317 3336 1452 3418 predicta
1474 3337 1511 3400 de
1533 3337 1615 3422 gilda
1637 3337 1772 3419 predicta
1794 3338 1973 3412 existentes,
2001 3344 2032 3398 et

200 3472 259 3536 pru
277 3462 413 3532 tempore
434 3469 495 3532 quo
511 3453 549 3517 de
565 3451 648 3534 gilda
664 3451 717 3514 illa
736 3451 857 3532 luerint,
879 3453 1055 3518 beuellcium
1073 3452 1196 3534 aliquod
1212 3461 1349 3535 pretextu
1366 3455 1472 3520 barum
1488 3456 1645 3520 literarum
1661 3464 1834 3520 nostrarum
1851 3455 2028 3536 patentium,

201 3573 311 3638 babeat
338 3581 367 3636 et
393 3573 526 3636 obtineat
552 3578 605 3634 aut
624 3572 775 3636 sorciatur
795 3571 857 3635 rllo
879 3572 986 3650 modo;
1019 3581 1049 3637 et
1075 3571 1155 3652 qnod
1184 3573 1287 3639 nullus
1307 3583 1508 3640 mercatorum
1531 3573 1653 3639 illorum
1674 3573 1802 3638 aduocet
1823 3573 1942 3654 aliquos
1964 3577 2030 3639 siue

200 3692 332 3774 aliquem
354 3690 420 3756 lure
441 3699 624 3754 mercatores
645 3692 710 3754 siue
730 3699 928 3757 mercatorem
950 3691 987 3756 de
1009 3690 1110 3756 Hense
1131 3692 1266 3773 predicta
1294 3701 1323 3758 et
1345 3693 1382 3758 de
1403 3693 1488 3777 gilda
1509 3693 1661 3774 predicta,
1688 3697 1823 3772 quinon
1845 3692 1956 3757 luerint
1978 3703 2030 3757 aut

198 3827 260 3876 non
278 3810 368 3876 luerit
389 3809 427 3874 de
444 3809 551 3874 eadem
567 3809 662 3892 gilda.
697 3807 807 3889 Aliquo
824 3817 947 3890 statuto,
968 3818 1047 3889 ectu,
1067 3810 1256 3876 ordinatione
1274 3813 1340 3877 siue
1359 3813 1558 3890 restrictione,
1580 3830 1633 3876 seu
1649 3811 1710 3877 alia
1730 3828 1821 3876 causa
1838 3827 2030 3892 quacunque,

201 3936 270 3996 ante
284 3930 340 3994 bec
357 3938 492 4010 tempora
512 3925 603 4006 lacto,
626 3929 706 3992 edito
728 3947 783 3996 seu
803 3931 937 4010 proviso,
961 3934 992 3995 in
1013 3929 1116 4010 aliquo
1138 3931 1364 3996 nonobstante.
1397 3931 1431 3996 ln
1448 3933 1534 3996 cuius
1556 3933 1599 3994 rei
1621 3933 1825 3996 testimonium
1846 3931 1903 3994 bas
1923 3931 2027 3995 literas

202 4055 320 4113 nostras
342 4047 407 4111 beri
428 4045 554 4112 lecimus
573 4056 722 4126 patentes.
765 4047 854 4114 Teste
875 4051 1029 4131 meipso,
1056 4049 1138 4130 apud
1159 4047 1477 4128 westmonasterium,
1499 4059 1607 4130 quarto
1630 4051 1747 4116 decimo
1770 4051 1819 4114 die
1841 4051 2027 4127 Decembris,

201 4167 388 4268 annosregni
410 4168 505 4232 nostri
526 4168 784 4245 quartodecimo.

261 4383 484 4474 cxxvn.
529 4323 944 4496 recenseremus,
976 4393 1191 4498 betreffeod
1221 4395 1284 4476 die
1320 4395 1608 4502 Uebertroquoq
1637 4397 1710 4477 des
1740 4393 1968 4497 Stoblbofcs

613 4569 665 4623 uo
696 4543 760 4624 ete
789 4546 977 4627 deutscbc
1005 4547 1150 4629 Huosc.
1210 4548 1326 4651 1u75,
1357 4549 1466 4630 Μανῆ
1489 4549 1557 4629 23.
1576 4551 1611 4648 ¹)

351 4721 518 4791 Edwardi
543 4720 664 4806 Quarti
683 4719 947 4814 Exemplificutio
976 4737 1067 4794 actua
1095 4726 1313 4798 Porliumeoti
1333 4727 1552 4798 concessionis
1580 4726 1695 4794 domus
1717 4723 1957 4794 Stilliurduooe
1988 4723 2026 4793 dc

199 4863 286 4911 onoc
308 4843 397 4932 repis
422 4840 456 4908 X
463 4837 503 4908 Vt

201 4997 501 5018 ......—.,-..

354 5096 379 5162 ¹)
406 5099 461 5150 ltus
472 5099 785 5166 original-Trunsscript,
802 5113 833 5153 so
852 5102 899 5154 rrle
917 5103 959 5154 ein
977 5102 1089 5154 anderes
1107 5116 1167 5154 rom
1179 5102 1282 5166 lldnlqe
1293 5101 1385 5153 lemos
1398 5102 1418 5153 l.
1436 5114 1491 5166 ur.
1506 5103 1578 5154 XVll
1596 5099 1699 5168 (1620),
1709 5100 1772 5152 Juui
1787 5097 1829 5162 17,
1847 5112 1879 5153 su
1897 5101 1945 5150 wie
1964 5071 2023 5150 eine

197 5177 333 5231 Abscbrllt
349 5181 377 5231 ln
394 5181 455 5234 dom
472 5183 750 5248 Pergament-cudcx
772 5186 799 5238 ln
817 5186 893 5239 Fullo
915 5187 976 5238 slrrd
994 5187 1030 5238 lm
1049 5185 1172 5240 inbeclrer
1190 5183 1414 5239 §adt-Archino.
1448 5187 1529 5241 bisse
1548 5186 1773 5250 Erumplllicatlon
1791 5185 1856 5238 wlrd
1874 5183 2024 5248 uulqeiu'brt

196 5265 225 5316 iu
243 5262 426 5318 Celenderlum
442 5267 589 5322 rotulorum
607 5271 753 5334 putendum
771 5284 798 5336 p.
810 5267 862 5326 πθ
880 5271 932 5324 und
951 5270 1076 5336 Prpoode
1093 5271 1186 5326 Tovcr
1203 5271 1322 5324 lidrmds
1341 5284 1367 5334 p.
1381 5267 1440 5326 dar.
