4998 6256
975 573 1084 668 1413,
1110 574 1292 648 November
1314 574 1373 646 le.
2034 577 2093 662 39

259 867 357 948 nerui
380 874 450 946 post
470 869 667 943 menesium
689 858 817 936 desisto,
840 857 974 935 dederet,
998 867 1188 926 coemat
1208 867 1238 924 et
1260 859 1366 924 eadem
1388 865 1472 924 curte
1494 873 1549 924 sita
1571 859 1805 926 nondrmnuerat
1826 859 1929 924 Marso
1946 857 2095 942 teutone

259 996 288 1052 ot
309 986 397 1050 nobis
418 982 546 1064 prelatis
565 979 697 1044 llioardo
719 977 814 1056 eant,
837 976 992 1042 willelmo
1014 977 1197 1062 Boggyopes
1216 986 1248 1042 et
1266 976 1611 1044 lobannillarltetstede
1634 985 1728 1042 mtun
1750 977 1919 1058 prodietum
1941 987 2094 1044 tenemen-

257 1112 322 1170 tum
336 1119 407 1170 etter
421 1104 503 1184 layo
516 1099 672 1166 edinoeute
688 1099 718 1162 ln
731 1099 851 1164 deitate
865 1095 992 1162 London
1006 1105 1034 1160 et
1049 1108 1119 1161 etim
1130 1097 1276 1177 umoribus
1291 1095 1358 1162 aliis
1372 1095 1647 1174 commoditatibus,
1664 1098 1840 1163 asiamenlis
1857 1106 1887 1162 et
1902 1099 2091 1176 pertinentiis

258 1222 402 1304 predictis
423 1226 591 1284 tenemento
614 1217 745 1298 et'lrayo
766 1216 1026 1296 qualitercumque
1046 1215 1275 1294 pertinentibus,
1298 1214 1470 1278 babendum
1492 1221 1521 1277 et
1537 1215 1697 1278 tenendum
1711 1215 1880 1294 predictum
1891 1223 2093 1279 tenementum

220 1409 223 1417 ,
258 1357 328 1408 euru
349 1341 430 1420 tero
453 1346 482 1402 et
503 1338 611 1402 ueteris
633 1335 696 1404 suis
717 1334 916 1414 menen,
938 1341 970 1401 rt
990 1331 1159 1416 predictum
1181 1341 1237 1410 est,
1259 1332 1396 1413 prodieto
1413 1329 1517 1398 Hanno
1539 1331 1677 1400 etnobis
1698 1331 2092 1412 nedtutsltteardoltent,

256 1457 413 1522 willelmo
435 1455 617 1542 Byggpnges
639 1461 668 1520 et
689 1452 819 1520 lobanui
841 1451 1057 1529 Marletstede,
1090 1451 1253 1516 heredibus
1280 1461 1311 1516 et
1340 1451 1503 1536 assignetis
1532 1453 1658 1532 nostris,
1693 1461 1785 1538 prout
1811 1454 1841 1516 iu
1868 1452 1975 1520 eadem
2006 1459 2090 1518 carte

257 1575 378 1656 plenius
400 1575 510 1653 poterit
532 1588 691 1652 apparere.
737 1569 992 1650 Postmodomqne
1012 1569 1167 1650 predictus
1189 1569 1310 1633 Marcus
1332 1570 1360 1633 le
1389 1568 1495 1650 Fleyre
1526 1536 1580 1650 per
1607 1571 1753 1651 seriptum
1782 1586 1870 1634 sunm
1892 1571 1995 1634 datum
2017 1571 2092 1633 duo·

258 1694 375 1758 decimo
397 1692 446 1755 die
467 1690 556 1767 iulii,
592 1689 673 1753 dioto
696 1705 774 1753 enno
796 1689 881 1772 regni
904 1683 975 1752 dieti
998 1689 1078 1770 regis
1101 1688 1236 1765 decimo,
1271 1689 1421 1752 remiserit
1450 1695 1478 1750 et
1500 1687 1683 1751 relarauerit
1704 1687 1792 1751 nobis
1813 1687 1939 1767 prelatis
1961 1686 2092 1752 Birande

256 1809 354 1887 Beni,
376 1808 532 1875 Willeltuo
553 1807 735 1890 Byggyoges
756 1815 786 1872 et
804 1806 935 1872 lobenni
956 1805 1159 1872 llarlueede
1180 1813 1277 1870 totum
1299 1806 1346 1870 ius
1369 1814 1398 1870 et
1419 1805 1587 1883 elemenm,
1608 1821 1667 1884 oue
1688 1805 1795 1872 babuit
1814 1823 1868 1872 seu
1890 1807 2091 1885 ononismodo

257 1929 371 1996 bebere
391 1928 503 2008 poterit
524 1929 554 1993 in
577 1933 640 1994 tolo
661 1924 717 1990 illo
740 1932 907 1990 tenemento
930 1923 1065 2004 prediem
1085 1939 1155 1988 eum
1177 1924 1258 2005 layo
1281 1924 1446 1998 adiaeente,
1469 1939 1537 1988 eum
1555 1925 1696 1990 omnibus
1710 1926 1774 1990 suis
1789 1926 1989 2005 pertiuentiis,
2011 1923 2093 2002 ouod

260 2045 413 2128 quondan
434 2044 492 2112 lult
512 2045 641 2125 predicti
662 2042 770 2110 leeobi
791 2042 926 2120 Palmer,
953 2043 1096 2122 prouti
1117 2041 1225 2106 eodem
1246 2043 1362 2120 scripto
1384 2041 1502 2120 plenius
1525 2041 1636 2120 liquet,
1666 2045 1811 2108 noueritis
1833 2059 1900 2118 nos,
1922 2042 2092 2120 predietum

259 2164 422 2230 Ridendum
444 2163 539 2240 Banl,
562 2162 750 2229 willelmum
772 2162 967 2246 eyggynges,
989 2160 1144 2238 clericum,
1167 2168 1197 2224 et
1216 2160 1386 2226 lobennem
1408 2159 1619 2238 llerketstede,
1642 2161 1797 2238 elerioum,
1819 2159 1987 2236 dimisisse,
2010 2159 2087 2225 leol-

257 2282 339 2348 lene
360 2289 389 2348 et
409 2281 468 2346 bue
490 2283 621 2363 presertl
644 2289 729 2348 oarta
750 2288 854 2346 nostra
876 2280 1072 2346 remeses
1091 2279 1224 2344 lobtnui
1245 2277 1436 2362 ttetyngton,
1460 2279 1581 2355 oletloo,
1608 2286 1639 2342 et
1658 2277 1780 2361 liuponi
1799 2278 1976 2359 ldortymer,
1999 2279 2092 2344 armi·

254 2417 341 2483 guo,
364 2407 459 2464 totum
481 2399 649 2478 predictum
671 2405 873 2464 tenementum
895 2415 964 2464 ettnt
986 2397 1065 2479 layo
1088 2397 1243 2462 admeme
1265 2399 1295 2460 in
1324 2398 1446 2462 ciuitate
1467 2396 1592 2462 lundon
1621 2406 1650 2460 et
1679 2413 1748 2462 eum
1775 2397 1844 2462 ellls
1870 2395 2092 2464 nonnodtutt·

255 2519 328 2596 bus,
357 2519 531 2582 uelamentis
558 2525 589 2582 et
611 2519 798 2598 pertinentiis
820 2516 956 2598 predietu
977 2523 1146 2580 tenemento
1168 2523 1198 2580 et
1220 2517 1300 2597 tayo
1320 2515 1581 2595 qualiternumqne
1602 2517 1840 2595 pertinentlbus,
1869 2515 2040 2580 mundum
2062 2522 2093 2578 et

254 2636 418 2702 tenendum
440 2636 609 2716 predictum
630 2643 831 2700 tenementum
851 2651 921 2700 eum
942 2635 1024 2716 layo
1043 2643 1074 2698 et
1096 2635 1202 2700 esteris
1223 2636 1288 2698 seis
1310 2634 1516 2712 pertiuentiis,
1539 2640 1569 2696 rt
1590 2634 1761 2714 prodietutu
1780 2642 1845 2712 eet,
1874 2633 2019 2712 prodistis
2040 2633 2092 2700 lo·

253 2755 350 2822 benni
373 2753 551 2835 llrelyegton
579 2763 609 2818 et
636 2753 755 2838 llugoni
777 2753 953 2833 llortpmer,
976 2751 1138 2817 heredibus
1160 2761 1189 2814 et
1207 2754 1372 2834 »ederetis
1394 2754 1468 2830 suis,
1491 2751 1529 2816 de
1549 2751 1732 2832 capitalibus
1752 2751 1884 2816 dominis
1905 2751 1987 2818 leodi
2010 2751 2092 2818 illiue

254 2890 312 2954 per
337 2874 481 2950 mruieia,
516 2889 576 2952 (με
597 2872 636 2936 ad
658 2870 828 2953 predletum
856 2877 1056 2936 tenmnmttun
1079 2878 1109 2936 et
1134 2871 1248 2950 layum
1270 2871 1429 2951 pertinent,
1451 2871 1683 2951 imperpetuum.
1728 2871 1761 2935 lu
1782 2871 1869 2934 emus
1891 2873 1936 2934 rei
1957 2871 2093 2936 terune

256 2994 339 3056 nium
366 2992 436 3055 huie
463 2992 595 3070 presenti
624 2998 707 3054 carte
733 2997 836 3054 nostre
867 2988 968 3070 sigilla
999 2997 1102 3052 nostra
1132 2989 1340 3069 apposuimus.
1389 2987 1452 3052 lliis
1480 2988 1622 3066 testibus,
1656 2989 1787 3053 Roberto
1817 2986 1986 3069 beebele,
2022 2998 2092 3051 tune

255 3113 373 3174 nenne
401 3111 534 3174 eittitatis
558 3107 710 3185 lenden,
739 3107 875 3178 Woltero
903 3107 1032 3184 cotton,
1058 3105 1198 3175 lobium
1218 3105 1412 3188 tteynenelt,
1442 3113 1516 3174 tneo
1537 3105 1761 3176 dmeonttttue
1788 3103 1922 3174 eiusdem
1948 3107 2091 3184 olultatit,

256 3224 405 3292 Nioboleo
420 3225 555 3303 Wotton‚
579 3235 650 3293 tune
670 3224 869 3292 aldermanno
890 3225 969 3292 dicte
988 3225 1094 3292 warde
1115 3225 1153 3292 de
1176 3225 1337 3306 llouegate,
1360 3232 1389 3290 et
1410 3225 1490 3292 eliis.
1527 3225 1638 3292 Datum
1660 3226 1795 3304 Londou,
1819 3229 2092 3308 vicesimoquinto

257 3341 306 3407 die
327 3342 525 3420 Nouembris,
560 3359 640 3407 nuno
663 3345 748 3426 regni
772 3345 851 3425 regis
872 3342 993 3407 llenriei
1015 3347 1116 3423 quartl
1137 3351 1206 3422 post
1227 3351 1426 3422 conquestum
1449 3343 1669 3407 terciodecimo.

255 3597 375 3681 [Νι
422 3601 536 3705 Hupo
571 3602 799 3704 blorlpmer,
846 3601 1004 3707 Knope,
1051 3602 1255 3705 eberlrdpi
1291 3607 1399 3681 selue
1429 3599 1579 3682 Reebte
1619 3602 1696 3705 eos
1725 3602 1788 3681 die
1822 3600 2093 3682 Grundeltlolre

318 3761 359 3834 iu
396 3753 564 3858 Wpupoe
593 3753 702 3834 boue
733 3753 809 3858 uus
834 3753 910 3834 den
943 3753 1182 3834 Geislle‘obeu
1211 3754 1247 3832 J.
1279 3753 1514 3859 Iltelpnplou.
1576 3754 1690 3856 1413,
1723 3753 1933 3836 November
1958 3752 2022 3833 16.

408 3931 558 3999 Omnibus
580 3931 693 3998 Christi
715 3933 866 4014 ddelibes,
888 3935 927 3999 ad
949 3949 1027 4013 nuos
1048 3951 1175 4014 presens
1196 3937 1340 4014 seriptum
1363 3937 1545 4014 memorii,
1568 3933 1654 4018 llugo
1677 3935 1854 4018 dionynse,
1875 3939 2021 4020 armiger,
2043 3953 2092 4000 se·

255 4051 349 4116 lutem
372 4053 403 4116 iu
425 4052 554 4116 benene
576 4055 802 4131 sempiternum.
854 4053 1006 4118 Noueritis
1035 4070 1084 4117 me
1111 4052 1262 4134 prelatum
1289 4053 1447 4138 lingonen
1475 4056 1643 4134 remisisse,
1680 4051 1692 4127 ll
1729 4055 1885 4120 relaxasse
1913 4064 1942 4120 et
1968 4057 2091 4120 omuino

254 4167 293 4233 de
315 4185 362 4232 mo
384 4177 413 4232 et
434 4169 596 4234 heredibus
618 4172 692 4234 mes
714 4173 947 4252 inperpetuum
967 4172 1103 4252 quietum
1124 4171 1275 4237 elumasee
1295 4171 1427 4236 dobanni
1447 4171 1637 4255 lkelpugtoo,
1659 4173 1784 4252 clerieo,
1806 4173 1969 4238 heredibus
1992 4181 2021 4235 et
2040 4189 2091 4235 es·

192 4313 197 4326 ·
251 4287 383 4369 signetis
404 4287 467 4350 sois
488 4294 584 4352 totum
605 4288 653 4351 ius
676 4305 777 4352 meum
803 4289 1104 4370 continuumque
1141 4287 1152 4370 ll
1189 4305 1321 4369 monam
1349 4289 1457 4368 habui,
1490 4290 1588 4356 babeo
1618 4307 1671 4356 seu
1701 4290 1901 4372 oumienmdn
1930 4293 1960 4353 ie
1989 4289 2091 4354 loturo

253 4403 367 4470 bebere
388 4411 496 4482 potero
517 4407 549 4467 lu
571 4405 713 4470 omnibns
734 4406 797 4471 illis
819 4409 996 4472 tenementis
1018 4423 1087 4474 eum
1109 4408 1231 4474 soleriis
1253 4415 1282 4472 et
1308 4408 1431 4473 notariis
1452 4417 1483 4472 et
1509 4410 1591 4491 liupo
1618 4409 1775 4473 adiacente
1797 4425 1833 4472 ae
1854 4407 1995 4472 omnibns
2024 4408 2088 4472 suis

255 4522 445 4602 pertinentiis
482 4518 493 4603 {l
529 4523 648 4586 situatis
670 4523 700 4586 in
723 4524 840 4588 tenelle
863 4533 968 4589 noenta
990 4525 1212 4609 Wyngosleue,
1241 4529 1273 4590 ie
1302 4525 1408 4590 worda
1436 4526 1474 4591 de
1495 4527 1651 4610 Douegate
1678 4534 1707 4590 et
1734 4529 1764 4590 in
1785 4525 1933 4606 prroeltle
1954 4527 2090 4590 emnium

256 4637 436 4706 Sanctorum
458 4639 497 4704 od
520 4638 621 4708 letum
643 4639 779 4706 london.
823 4641 892 4722 Que
913 4643 1034 4722 quidem
1057 4651 1228 4710 tenementa
1249 4661 1318 4708 mm
1347 4643 1485 4722 solariis,
1522 4641 1535 4722 lt
1573 4644 1693 4707 coluriis
1719 4652 1749 4706 et
1776 4644 1857 4724 ltayo
1883 4643 2040 4708 adiacente
2062 4651 2092 4706 et

254 4759 396 4824 omnibus
418 4762 482 4823 suis
503 4759 690 4840 pertinentiis
712 4759 866 4838 quondam
888 4759 1011 4826 luerunt
1031 4761 1178 4827 lobernnis
1200 4759 1315 4846 Sleiglr,
1337 4763 1493 4846 armigeri.
1529 4761 1570 4826 lta
1592 4760 1739 4839 uuellest,
1761 4761 1843 4840 quod
1865 4778 1921 4825 nee
1943 4777 2000 4846 ego
2022 4778 2091 4841 pre·

253 4877 353 4940 dietus
374 4875 472 4960 lingo,
496 4894 551 4942 nee
572 4875 700 4944 heredes
722 4877 791 4956 nei,
812 4895 869 4942 neo
889 4879 1002 4958 abnuit
1022 4879 1101 4944 alins
1122 4897 1180 4961 pro
1201 4879 1291 4944 nobis
1310 4897 1366 4945 een
1389 4884 1510 4944 noetloe
1532 4887 1636 4942 nosue
1657 4878 1783 4958 aliquod
1805 4882 1852 4944 lus
1867 4894 1924 4944 seu
1939 4879 2091 4946 elaneuet

254 4995 286 5057 in
308 4993 453 5071 predietts
475 4997 651 5060 tenementis
671 5011 741 5060 eum
763 4995 901 5076 soleriis,
934 4997 1054 5062 eelariis
1076 5007 1106 5061 et
1127 4998 1209 5080 keyo
1230 4999 1388 5064 edianeute
1408 5013 1478 5064 oum
1498 4997 1640 5062 omnibus
1661 5001 1726 5062 suis
1752 5000 1961 5080 pertinenolis,
1995 5015 2091 5079 neque

255 5113 287 5174 io
309 5110 410 5190 alium
433 5113 567 5190 pamella
590 5111 756 5179 eorundem
784 5113 824 5178 de
850 5123 950 5179 cetero
979 5117 1116 5199 eripere,
1150 5117 1284 5182 clamare
1305 5117 1352 5182 rel
1375 5115 1536 5182 rmdieme
1556 5117 1724 5196 poterimus
1746 5119 1778 5180 io
1800 5115 1951 5196 loturum,
1985 5124 2030 5180 set
2052 5116 2090 5179 eli

255 5229 339 5292 omni
359 5231 478 5292 reione
498 5231 575 5296 iuris
596 5239 625 5296 el
646 5233 755 5296 olamei
776 5233 890 5311 abuuid
912 5233 981 5298 inde
1003 5233 1123 5313 petendi
1146 5235 1280 5300 totaliter
1307 5237 1404 5300 sinus
1431 5234 1547 5299 enelusl
1575 5235 1605 5298 iu
1631 5242 1811 5313 perpetuum
1838 5251 1895 5314 per
1923 5241 2088 5314 presentes.
