4998 6256
1046 579 1315 679 ummc
1771 527 1774 534 ’
2035 587 2093 674 p

257 879 345 956 parte
379 867 391 954 l
428 869 542 948 alten,
574 875 716 948 tetam,
747 867 831 948 *cuod
853 879 923 934 cunt
943 865 1072 950 predicti
1092 865 1226 935 lurum
1247 877 1277 933 et
1297 865 1447 934 dldmruia
1474 883 1531 952 per
1551 877 1665 934 certam
1686 885 1775 938 suam
1797 869 1980 938 teruanensi
2001 871 2093 942 date

257 991 319 1056 rint
341 998 372 1054 et
391 989 594 1054 comment
614 986 733 1069 prelato
755 986 887 1052 mmo
909 985 1083 1066 Roleland,
1113 985 1273 1054 Willclmo
1293 995 1325 1052 et
1344 987 1466 1072 Rogeno
1487 987 1564 1056 illud
1586 996 1788 1056 tenementum
1808 1007 1897 1056 snum
1920 1007 1989 1058 cum
2011 992 2092 1074 layo

257 1108 414 1176 adiacente
450 1109 462 1192 p
499 1122 535 1172 ac
556 1121 626 1172 eum
647 1105 788 1172 omuibus
809 1105 879 1172 aliis
906 1105 1188 1184 modicarum,
1220 1107 1406 1172 aieiemcntis
1434 1112 1465 1170 et
1489 1107 1680 1186 pertiuentiis
1706 1109 1843 1189 predicto
1872 1119 2042 1176 tenemento
2062 1119 2092 1177 et
2188 1167 2192 1174 .

257 1229 340 1309 lupo
360 1227 621 1306 qualitercumque
644 1225 874 1304 pertinentibus,
895 1225 1014 1290 situab'a
1034 1225 1067 1288 in
1089 1223 1207 1290 vendin
1229 1232 1335 1290 rocam
1350 1223 1601 1307 Wyndegoslane
1622 1227 1652 1290 in
1674 1226 1820 1308 parocbia
1842 1228 1979 1295 omnium
1996 1225 2092 1316 Sanc·

257 1353 359 1412 murm
381 1343 428 1429 ,ad
449 1343 555 1410 lenum
574 1341 717 1421 madon,
751 1343 829 1408 inter
866 1341 877 1426 lp
913 1349 1116 1410 tenementum
1145 1355 1244 1422 nuper
1263 1341 1469 1408 bartholomei
1490 1341 1664 1427 Rirestlyug
1691 1361 1728 1410 er
1755 1353 1843 1427 parte
1867 1347 2028 1423 orientali,
2062 1355 2093 1412 ct

257 1465 371 1546 layum
393 1472 533 1528 uocatum
554 1458 856 1549 Eatrrlpoperlrolle
878 1478 917 1525 ex
936 1469 1023 1540 parte
1045 1460 1225 1528 occidentali
1246 1477 1284 1526 ec
1304 1477 1415 1540 aquam
1440 1461 1594 1528 Tbamis're
1615 1480 1652 1526 cr
1673 1471 1761 1542 parte
1783 1465 1926 1542 arratrali,
1953 1474 1984 1532 et
2005 1474 2090 1533 tena-

257 1590 392 1648 mentum
414 1597 512 1662 nuper
532 1579 686 1661 Radulpbi
706 1579 879 1660 Blalreneye
899 1596 936 1643 ex
957 1587 1045 1661 parte
1066 1579 1250 1660 aqudonari.
1300 1577 1391 1662 erod
1421 1581 1543 1662 quidem
1571 1590 1773 1648 tenementum
1802 1599 1871 1650 cum
1900 1584 1979 1664 layo
2006 1583 2092 1648 adia-

256 1709 342 1766 centc
363 1710 394 1764 et
413 1701 477 1764 suis
498 1701 686 1779 pertiucna'is
707 1698 866 1764 antedictis
887 1713 945 1780 ego
966 1697 1104 1780 predicta
1126 1695 1291 1776 Alduncia,
1318 1715 1374 1777 por
1395 1715 1508 1766 nomen
1529 1699 1678 1766 dlduucia
1699 1700 1837 1778 Pentele,
1867 1717 1965 1780 nuper
1987 1700 2090 1777 babai,

256 1819 361 1898 miebi,
383 1817 596 1884 beradibnset
616 1818 778 1900 ampliatis
798 1817 875 1882 meis
895 1817 1119 1898 imperpetuum
1140 1833 1179 1881 er
1200 1801 1281 1882 dono
1304 1825 1335 1882 et
1355 1815 1546 1884 laudamento
1567 1817 1690 1884 Ricardi
1706 1815 1889 1901 Courteuey,
1910 1819 1966 1884 Dei
1987 1820 2092 1902 pacm

255 1929 461 2004 Norrriceuais
483 1937 636 2018 episcopi,
669 1943 701 2002 et
720 1935 833 2018 cheri
854 1933 966 2013 Lecbc,
1000 1935 1122 2014 militis,
1155 1942 1247 2014 prout
1273 1937 1304 1998 in
1334 1935 1466 2014 quadam
1489 1943 1572 2002 certa
1601 1937 1739 2018 ipsorum
1769 1937 1892 2004 Ricardi
1920 1935 2091 2018 Gourteney

172 2139 178 2148 ῃ
256 2057 391 2137 episcopi
413 2063 443 2120 et
464 2053 576 2138 Rogeri
596 2053 695 2120 Lecbc
714 2053 784 2120 inde
806 2051 959 2130 conlecta,
991 2055 1078 2118 cuius
1099 2053 1202 2121 datum
1223 2061 1271 2118 cst
1292 2052 1434 2131 bordon,
1464 2055 1606 2120 vicesimo
1633 2057 1762 2134 septimo
1790 2056 1841 2121 die
1867 2057 1979 2122 mensis
1999 2055 2092 2134 lunii,

255 2189 337 2242 anno
358 2175 444 2256 regni
466 2173 547 2256 regis
568 2171 689 2238 llcnrici
710 2174 808 2253 quinti
828 2179 900 2252 post
919 2180 1117 2252 conquestum
1140 2173 1244 2250 tercio,
1267 2170 1388 2251 plenius
1409 2173 1591 2249 continetur,
1613 2172 1787 2240 mmndnm
1805 2183 1836 2238 et
1849 2173 2009 2240 tenendum
2022 2191 2092 2254 prc-

255 2291 325 2358 latis
346 2291 478 2356 Ricardo
499 2290 672 2370 Bokeland,
705 2289 863 2357 willelmo
885 2287 984 2356 Olden
1007 2299 1037 2354 et
1057 2289 1177 2373 Rogero
1198 2287 1365 2372 Twyiord,
1398 2290 1561 2356 heredibus
1583 2297 1612 2354 et
1639 2292 1803 2375 assignetis
1824 2293 1906 2368 suis,
1938 2293 2091 2370 imperpe-

255 2421 351 2489 tuum,
375 2420 466 2492 prout
486 2412 519 2474 in
540 2409 676 2489 predicta
698 2418 782 2476 carta
804 2408 988 2474 teodameuti
1010 2406 1080 2472 iude
1102 2408 1253 2487 conlecta,
1281 2409 1368 2474 cuius
1390 2408 1495 2474 datum
1518 2417 1563 2474 est
1583 2407 1710 2475 London
1732 2409 1781 2474 die
1803 2407 2001 2476 confectionis
2022 2425 2093 2490 pre-

254 2531 401 2606 sencium,
422 2528 543 2622 plenius
565 2528 745 2593 continetur.
788 2527 918 2594 Prodicti
942 2536 1041 2592 tamen
1062 2525 1211 2592 Ricardus
1231 2517 1399 2604 Boleland,
1423 2525 1598 2594 willelmus
1620 2525 1720 2594 Oldeu
1741 2537 1771 2592 et
1792 2528 1931 2610 Rogerus
1944 2525 2093 2608 Twylord

254 2648 359 2712 rulant
380 2653 410 2710 et
431 2645 600 2711 concedunt
620 2661 675 2727 per
696 2654 867 2725 presentes,
903 2645 985 2726 quod
1006 2645 1033 2710 si
1054 2645 1121 2724 ipse
1141 2643 1290 2710 Ricardus
1311 2643 1487 2722 Rolelend,
1520 2645 1646 2711 heredes
1675 2655 1705 2710 et
1727 2647 1875 2730 assignati
1896 2647 1943 2711 sui
1965 2645 2092 2725 pacidce

255 2772 284 2829 et
305 2765 405 2845 quiete
426 2763 539 2828 babere
560 2772 590 2829 et
612 2772 713 2828 tenere
733 2765 865 2843 poterint
886 2779 922 2827 ac
950 2762 1084 2844 gaudere
1111 2771 1208 2826 totum
1236 2761 1404 2842 predictum
1434 2771 1636 2830 tenementum
1663 2781 1733 2828 cum
1761 2766 1844 2847 layo
1872 2765 2028 2830 adiacente
2056 2781 2093 2828 ac

254 2900 322 2948 cum
345 2883 484 2948 omnibus
506 2882 575 2948 aliis
597 2880 872 2959 commoditatibus,
894 2881 1079 2946 autumantis
1100 2889 1130 2944 ct
1151 2881 1338 2961 pertinentiis
1359 2881 1504 2961 predictis
1524 2889 1695 2948 tenemento
1721 2891 1751 2948 et
1771 2885 1854 2965 layo
1876 2882 2092 2962 qualitercum-

254 3017 312 3080 que
333 3001 552 3081 pertinentibus
574 3017 593 3066 a
614 3000 692 3066 testo
713 2999 885 3066 Natiuitatis
914 3001 1011 3064 sancti
1038 2998 1187 3064 lobannis
1213 2999 1343 3081 baptiste
1370 3001 1510 3081 proxime
1536 2999 1639 3065 tuturo
1668 3009 1738 3081 post
1767 2988 1878 3066 datum'
1900 3001 2092 3083 presencium

254 3133 349 3198 usque
370 3120 409 3184 ad
431 3120 520 3184 tinem
542 3120 648 3202 viginti
669 3135 818 3186 annorum
840 3127 949 3186 extunc
972 3119 1112 3202 proxime
1133 3119 1321 3200 sequentium
1344 3125 1374 3182 at
1395 3119 1531 3199 plenarie
1554 3118 1785 3202 completorum,
1808 3120 1904 3185 donec
1925 3121 1963 3184 dc
1985 3119 2095 3186 ecdem

255 3245 424 3301 tenemento
445 3253 515 3301 curn
537 3238 618 3318 kayc
640 3247 669 3302 et
691 3239 754 3301 suis
775 3239 964 3318 pertinentiis
986 3239 1134 3304 uniuersis
1156 3237 1348 3319 perceperint
1374 3238 1531 3322 sexaginta
1560 3255 1613 3302 sex
1642 3239 1713 3302 libri
1742 3237 1902 3303 tresdecim
1924 3238 2040 3302 solidos
2062 3245 2093 3300 et
2233 3231 2236 3248 '

254 3362 385 3433 quatuor
406 3353 548 3418 denarios
569 3354 800 3438 sterlingorum,
833 3355 971 3435 predicto
994 3363 1164 3419 tenemento
1192 3371 1261 3418 cum
1289 3355 1371 3437 layo
1394 3363 1424 3418 ct
1445 3358 1553 3420 ceteris
1582 3357 1645 3419 suis
1672 3357 1860 3436 pertinentiis
1893 3355 1932 3419 ad
1959 3356 2092 3434 quinque

254 3487 374 3537 marcas
395 3470 611 3557 sterlingorum
633 3488 824 3552 perannum
847 3479 1039 3553 computat03
1069 3489 1105 3535 ac
1127 3473 1153 3536 si
1173 3471 1283 3551 prelati
1303 3471 1438 3536 nomas
1459 3471 1597 3536 Flerrers
1619 3482 1649 3536 et
1669 3482 1699 3538 et
1720 3473 1888 3549 Alduncia,
1917 3489 1993 3536 uror
2014 3473 2091 3549 eius,

254 3598 306 3657 aut
328 3607 434 3656 eorum
456 3591 534 3655 alter
554 3591 656 3656 soluat
677 3599 707 3655 et
728 3589 896 3654 sabslaciat
916 3589 1037 3671 prelato
1057 3589 1189 3656 Ricardo
1202 3589 1368 3670 Boteland,
1391 3589 1554 3656 heredibus
1575 3598 1605 3654 et
1626 3593 1790 3676 assignatis
1811 3592 1875 3656 suis
1897 3593 1928 3655 iu
1951 3591 2010 3654 bne
2022 3607 2092 3670 prc-

252 3710 402 3776 dictorum
425 3711 530 3792 viginti
552 3724 701 3774 annorum
725 3708 770 3772 vel
793 3707 873 3774 inira
896 3709 1054 3775 dimidium
1076 3725 1188 3774 annum
1211 3718 1280 3789 post
1301 3711 1463 3775 terminum
1485 3709 1654 3791 predictum
1683 3726 1741 3792 pro
1767 3709 1896 3793 ungulis
1919 3710 2007 3773 nouis
2030 3707 2092 3774 edi-

252 3827 442 3894 ficationibus
463 3827 624 3895 domorum
645 3827 853 3906 predictorum
875 3829 906 3890 in
930 3835 1100 3893 tenemento
1122 3825 1259 3906 predicto
1283 3845 1353 3892 cum
1372 3828 1454 3910 layo
1471 3828 1626 3893 adiacente
1648 3845 1684 3892 ac
1701 3831 1809 3896 ceteris
1824 3830 1888 3894 suis
1903 3828 2093 3907 pertiuentiis
2217 3872 2223 3881 ·

252 3945 426 4014 edificandis
448 3963 485 4010 ac
506 3947 614 4012 ceteris
636 3945 874 4012 racionabilibus
890 3947 1035 4028 custagds
1056 3945 1127 4010 inde
1148 3947 1298 4028 appositis
1321 3955 1349 4012 ct
1372 3945 1459 4011 iactis
1481 3964 1538 4028 per
1560 3948 1729 4028 predictum
1746 3946 1909 4012 Ricardum
1923 3946 2091 4023 Boletand,

252 4065 381 4130 beredes
408 4074 438 4128 ct
466 4065 636 4147 assignatos
662 4082 735 4130 suos
764 4074 901 4146 tempore
933 4063 1098 4129 eorundem
1127 4065 1231 4148 viginti
1259 4082 1425 4129 annorum:
1459 4064 1569 4130 extunc
1598 4067 1673 4132 berre
1707 4068 1797 4132 liceat
1823 4065 1949 4146 prelatis
1976 4065 2092 4129 Tbome

252 4181 387 4248 Fierrers
409 4192 439 4246 et
461 4182 625 4260 biduncie,
658 4185 745 4246 uxori
766 4187 845 4261 dus,
879 4191 908 4248 et
930 4182 1092 4248 heredibus
1114 4184 1178 4248 suis
1201 4191 1295 4248 totam
1324 4184 1494 4262 predictum
1518 4192 1718 4250 tenementum
1741 4201 1811 4250 cum
1829 4183 1912 4266 ‚layo
1934 4183 2091 4247 adiacente

252 4308 281 4366 et
302 4302 410 4366 ceteris
431 4303 494 4364 suis
516 4301 704 4382 pertinentiis
726 4300 884 4366 antedictis
907 4302 1054 4366 reintrare
1076 4309 1106 4365 et
1126 4302 1158 4366 in
1180 4285 1309 4382 pristino
1331 4310 1411 4366 statu
1434 4319 1489 4366 suo
1512 4302 1658 4370 rcbaberc
1681 4311 1711 4368 et
1734 4305 1873 4379 retinere,
1896 4300 2091 4382 prelatosque

252 4418 415 4484 Ricardum
438 4418 604 4497 Bokeland,
626 4415 816 4483 willelmum
840 4418 941 4484 Olden
963 4429 993 4485 et
1014 4419 1170 4502 Rogerdm
1199 4419 1359 4502 Twyford,
1383 4420 1509 4486 heredes
1532 4429 1561 4486 et
1582 4423 1753 4504 assignatos
1775 4436 1847 4484 suos
1868 4418 1938 4482 inde
1959 4419 2093 4483 totaliter

252 4537 404 4618 erpellere
427 4544 457 4600 et
478 4553 669 4613 ammonere,
696 4535 832 4614 predicta
854 4547 938 4602 carta
960 4547 1013 4602 aut
1033 4539 1143 4604 saisina
1165 4537 1235 4602 lude
1257 4539 1361 4604 babitu
1384 4557 1444 4604 non
1466 4540 1606 4605 obstante
1627 4538 1688 4602 ullo
1711 4537 1813 4602 modo.
1857 4537 1941 4602 Etsi
1963 4537 2092 4616 predicti

251 4655 385 4722 Thomas
407 4664 436 4718 et
458 4653 618 4732 Alduncie,
642 4669 717 4716 uror
738 4655 813 4732 eius,
835 4663 888 4720 aut
909 4671 1014 4720 eorum
1037 4657 1114 4720 alter
1136 4655 1183 4720 rel
1204 4657 1315 4737 aliquis
1338 4673 1443 4722 eorum
1466 4659 1587 4722 nomine
1609 4673 1670 4720 non
1692 4655 1815 4720 soluant
1833 4671 1887 4718 nec
1904 4652 2092 4719 satisfacient

251 4791 307 4840 uec
328 4774 432 4840 soluat
450 4782 504 4840 eut
524 4772 691 4838 subsicciat
711 4770 831 4850 prelato
853 4772 984 4838 Ricardo
1006 4773 1176 4851 Rolreland,
1209 4775 1373 4840 heredibus
1400 4784 1429 4840 et
1456 4777 1620 4859 assignatis
1647 4775 1711 4838 suis
1738 4775 1769 4837 in
1798 4773 1860 4842 dne
1885 4772 2091 4854 predictorum

194 4884 198 4891 ’
251 4893 357 4975 viginti
378 4909 525 4958 annorum
548 4891 595 4958 rel
618 4890 698 4958 inira
720 4890 879 4956 dimidium
901 4908 1016 4956 annum
1037 4902 1108 4973 post
1130 4895 1291 4960 terminum
1312 4893 1484 4977 predictum
1506 4909 1564 4974 pro
1586 4891 1714 4974 singulis
1737 4893 1824 4956 nouis
1847 4890 2091 4956 edificacionibus
2137 4965 2142 4976 ,

107 4999 111 5005 ’
251 5008 411 5074 domorum
432 5009 569 5090 predicto
590 5011 622 5074 iu
643 5016 811 5076 tenemento
832 5026 903 5074 cum
924 5011 1005 5092 layo
1027 5011 1183 5078 adiacente
1204 5029 1241 5076 ac
1268 5015 1376 5076 ceteris
1403 5012 1468 5076 suis
1495 5011 1701 5092 pertinentiis,
1738 5019 1769 5073 rt
1795 5009 2005 5090 supradictum
2034 5017 2090 5088 est,

251 5145 287 5194 ac
309 5129 415 5194 ceteris
438 5128 674 5194 racionabilibus
696 5129 841 5211 eustagiis
863 5126 934 5194 inde
954 5131 1105 5210 appositis
1127 5139 1156 5194 ct
1185 5130 1273 5196 tactis
1299 5147 1356 5210 per
1382 5129 1552 5210 predictum
1575 5127 1739 5193 Ricardum
1761 5125 1933 5206 Rokeland,
1963 5128 2090 5193 heredes

251 5254 281 5311 et
301 5248 473 5330 assuuntur
494 5263 566 5314 suos
589 5258 725 5328 tempore
746 5247 911 5315 eorundem
934 5248 1038 5331 viginti
1060 5265 1228 5329 annorum,
1250 5255 1361 5315 extunc
1383 5247 1537 5314 voluntat
1559 5247 1727 5314 concedunt
1754 5247 1881 5328 predicti
1904 5245 2039 5312 Thomas
2061 5252 2091 5308 et
