4914 6254
947 509 951 516 ἢ
1016 551 1130 648 nnus,
1156 551 1304 626 unns.
1491 559 1498 582 s
1995 557 2058 642 pe

229 844 400 910 eusenius
420 844 531 909 uestris
551 843 782 921 inperpetuum
804 840 920 919 mistos
941 837 1099 906 elemesse.
1112 839 1210 906 eidem
1219 837 1381 918 liudulplm
1402 847 1433 906 el
1452 839 1699 908 usmdtuusnuts
1719 851 1818 906 tutum
1839 843 1886 908 ius
1908 851 2077 920 uestrum,¹

228 964 361 1040 titulum,¹
388 961 549 1040 meum,
574 957 755 1024 demandam
775 967 806 1024 et
826 961 980 1033 iuteresse,
1010 975 1073 1038 que.
1089 957 1262 1035 immune,
1289 959 1435 1024 iubemus
1457 975 1514 1024 seu
1532 960 1734 1039 qrmuismudu
1755 961 1867 1026 nabere
1889 963 2055 1041 poterimus

228 1085 266 1148 de
286 1091 316 1146 et
338 1084 368 1146 iu
384 1081 534 1144 umnitus
554 1078 624 1142 aliis
645 1079 800 1155 smnieiis,
823 1078 1031 1144 emetiendum
1051 1087 1083 1142 et
1103 1077 1260 1144 demendis
1282 1092 1340 1158 pru
1360 1077 1685 1158 praeterieresneriis,
1709 1081 1798 1144 terris
1819 1089 1849 1144 et
1869 1085 2054 1157 tenementis,

228 1201 530 1284 pierwlremsgiun
558 1197 712 1262 ffllitetis
739 1206 769 1262 et
795 1197 946 1262 redditum
977 1195 1170 1264 densriuuum
1200 1205 1233 1260 et
1259 1196 1438 1276 quadrantis
1463 1199 1606 1278 superius
1632 1198 1873 1278 speeillealerum
1902 1209 1932 1263 et
1960 1216 2056 1264 reser-

229 1329 379 1386 tttllurtlllt.
413 1351 415 1359 ⁴
1530 1343 1533 1350 ’
1580 1358 1583 1366 .

310 1487 314 1498 .
379 1437 424 1502 de
444 1439 569 1516 instrper
589 1438 733 1502 uuumitis
754 1453 825 1514 nus,
853 1434 987 1515 praletus
1008 1435 1146 1500 sebalem
1169 1442 1200 1498 et
1219 1442 1414 1512 renuentum,
1427 1435 1518 1514 ,qued
1540 1451 1609 1502 erut
1630 1435 1763 1502 Tlruruas
1784 1436 1925 1514 lleliller,
1958 1436 2056 1512 miles,

228 1557 402 1623 willelmus
423 1555 554 1620 tenua
576 1555 800 1650 stuwillelmus
818 1552 938 1637 llepues
967 1563 1086 1624 teneem
1112 1553 1266 1620 demulsis
1294 1563 1324 1617 ut
1351 1555 1382 1618 iu
1411 1556 1476 1620 iure
1503 1557 1678 1621 monasterii
1699 1557 1796 1622 nestri
1816 1557 1943 1636 predieti
1967 1571 2056 1622 tuum

228 1677 427 1759 mesuagium,
448 1674 570 1741 diuersa
586 1682 682 1738 terres
700 1681 729 1738 et
745 1683 923 1752 tenementa,
945 1681 1050 1738 uocata
1064 1669 1239 1759 Lunplepe,
1253 1671 1287 1751 ¹]
1310 1690 1378 1738 uum
1394 1675 1627 1752 pertinentileln
1639 1673 1889 1756 llplrmerswurllr
1910 1674 2056 1754 predium,

227 1811 326 1876 nuper
350 1797 383 1858 iu
409 1802 516 1859 munna
535 1793 645 1876 liugeri
668 1791 795 1874 Lymter
825 1810 881 1874 per
906 1792 1081 1858 lidelitstem
1110 1799 1141 1856 et
1166 1790 1317 1857 redditum
1344 1793 1448 1858 denem
1475 1793 1643 1858 solidorum
1659 1795 1837 1871 erundum,
1866 1807 2055 1872 perannum

227 1913 346 1978 dedmse
372 1922 404 1977 et
431 1929 486 1993 per
506 1919 660 1993 presentes
686 1912 872 1976 euueesslase
898 1911 1034 1992 predium
1062 1908 1223 1991 Radulplru
1244 1909 1369 1976 Betiller
1402 1925 1512 1979 uuuem
1537 1911 1652 1978 solidus
1677 1921 1708 1978 et
1737 1912 1875 1978 undeuirn
1903 1912 2056 1988 muudus.

226 2033 392 2114 parneium
413 2031 484 2096 dieti
506 2029 641 2096 redditus
661 2029 765 2096 decem
786 2028 953 2096 suliderum
969 2029 1139 2098 estendam
1158 2035 1189 2094 et
1203 2029 1431 2111 percipiendam
1448 2031 1506 2094 silui
1527 2039 1558 2094 et
1574 2031 1737 2098 menmium
1755 2036 1819 2097 suis
1835 2033 2057 2110 imperpetuum

226 2153 282 2216 sub
304 2149 400 2214 turma
422 2159 451 2214 et
471 2149 649 2214 eundieiuue
670 2152 823 2228 sequti:
848 2147 1003 2226 videlieet,
1022 2147 1106 2228 quud
1128 2150 1155 2212 si
1177 2163 1267 2218 rums
1290 2149 1478 2230 mesuagium
1500 2166 1570 2216 uum
1592 2151 1674 2232 liupo
1695 2151 1852 2216 adiuuante
1874 2151 1964 2218 simul
1984 2167 2055 2216 eum

226 2271 370 2334 erunibus
387 2267 666 2344 commodissimus,
696 2269 881 2334 nidamenta
903 2285 940 2332 ee
961 2270 1069 2334 ueteris
1089 2269 1154 2334 suis
1175 2268 1364 2348 pertiuentiis
1385 2285 1421 2332 ae
1445 2269 1562 2334 iuribus
1584 2268 1726 2350 predistis
1748 2272 1904 2354 mesuagio
1926 2277 1954 2334 et
1972 2270 2056 2350 ispe

224 2390 483 2468 qualitermruque
498 2387 716 2466 spumantibus.
738 2389 856 2454 mustis
872 2389 904 2450 iu
920 2385 1046 2464 tenelle,
1070 2395 1175 2456 usuum
1193 2384 1482 2474 Wpudepuselene,
1506 2389 1535 2451 in
1552 2388 1700 2467 parennis
1714 2386 1857 2456 Omnium
1874 2387 2055 2454 Ssueturrmn

224 2509 266 2574 ad
281 2506 384 2572 lenum
401 2504 549 2583 idedun,
563 2521 712 2584 suenus,
733 2507 863 2586 predicti
879 2507 976 2572 ahias
996 2515 1036 2572 eu
1049 2514 1222 2584 eunreutus,
1245 2519 1342 2586 nuper
1360 2505 1521 2572 debuimus
1539 2507 1633 2572 nubis.
1646 2515 1677 2571 et
1697 2509 1923 2573 suemsserinus
1945 2509 2056 2572 nestris

224 2629 449 2707 imperpetuum
468 2641 510 2710 ex
529 2625 626 2702 dene,
656 2629 848 2690 euueessiene
870 2632 901 2690 el
919 2625 1146 2690 eundrmmtene
1167 2624 1295 2706 predieti
1317 2623 1469 2706 liedulplu
1490 2625 1617 2692 Butitler
1637 2633 1666 2692 et
1685 2625 1835 2693 lulianum
1853 2625 1958 2692 llende
1977 2628 2056 2693 iuui-

222 2748 296 2822 u'ris‚
318 2745 472 2827 armigeri,
495 2743 598 2823 aliquo
621 2751 755 2824 tempure
776 2742 878 2808 luturn
899 2752 985 2808 entra
1007 2745 1232 2824 possessionem
1254 2752 1438 2822 nostrerum,
1462 2744 1667 2825 predlelurum
1689 2745 1807 2810 miuus
1829 2755 1860 2811 et
1881 2755 2054 2824 conuentus,

223 2863 271 2928 rel
288 2879 498 2928 successurum
516 2870 700 2940 uestrorum,
718 2835 838 2927 ¹ratione
856 2862 985 2926 alieuius
1008 2863 1093 2940 iuris,
1116 2862 1224 2926 elumei
1245 2879 1299 2926 seu
1321 2862 1400 2926 tituli
1422 2871 1490 2928 aute
1512 2863 1615 2928 dutum
1637 2869 1821 2946 presentium
1843 2864 1958 2942 habite,
1981 2865 2057 2950 legi-

222 2986 296 3050 time
318 2981 409 3048 mudu
430 2981 561 3049 edietum
584 2982 630 3046 uel
653 2989 863 3060 remuneratum
881 2979 977 3054 ludtlt
996 2982 1122 3061 ebtutten
1140 2979 1247 3054 fraude
1261 2980 1323 3054 niel
1345 2981 1536 3051 euunluentie
1559 2991 1681 3062 neure,
1712 2983 1916 3065 predictorum
1938 2983 2056 3056 edistis

224 3111 258 3182 et
276 3109 450 3198 renuentes,
473 3102 519 3165 uel
540 3116 750 3169 suceessorum
772 3107 960 3192 nostrerum,
977 3099 1058 3180 quud
1081 3109 1189 3177 extunc
1208 3115 1336 3180 presens
1357 3103 1503 3184 seriptum
1527 3101 1723 3184 indentetum,
1752 3103 1920 3191 ralideatiu,
1948 3103 2056 3168 uuuilr-

223 3195 517 3296 matienonuesriu,
541 3219 686 3283 relaxatio
709 3227 739 3282 et
760 3221 861 3284 omnia
884 3220 1041 3285 incudem
1064 3225 1203 3284 contenta
1225 3236 1283 3302 pru
1306 3219 1598 3299 pullulaturum,
1621 3223 1673 3286 sed
1697 3238 1790 3287 verua
1813 3197 1871 3288 sint
1892 3233 1922 3287 et
1943 3222 2056 3286 nullius

224 3340 348 3420 uigoris.
393 3335 424 3400 lu
448 3338 533 3400 euius
556 3339 600 3402 rei
622 3308 824 3402 testimouium
847 3341 895 3402 nni
918 3341 999 3419 parti
1021 3324 1108 3402 liuius
1131 3339 1236 3418 scripti
1259 3339 1403 3404 indentati
1431 3354 1525 3419 penes
1550 3330 1720 3420 predictum
1742 3341 1936 3421 liudulphutn
1958 3357 2055 3404 renua-

223 3458 306 3520 uenli
328 3474 394 3533 uss,
416 3455 525 3537 prelati
543 3456 638 3522 addes
659 3466 689 3521 et
704 3463 878 3534 uunneutus,
900 3457 1034 3540 sigillum
1050 3465 1187 3522 uestrum
1205 3471 1365 3524 commune
1380 3459 1596 3538 apposuimus3
1619 3459 1706 3524 alteri
1728 3476 1800 3523 uere
1820 3461 1900 3540 perti
1921 3457 2054 3522 eiusdem

222 3577 327 3655 seripti
344 3576 499 3653 indentati,
521 3591 615 3656 penes
632 3591 702 3652 uus,
721 3573 819 3640 dinus
836 3575 975 3642 abbatem
991 3583 1023 3644 et
1038 3583 1228 3652 renuentum,
1251 3578 1426 3654 remanenti,
1449 3575 1602 3656 predictus
1616 3577 1796 3658 ttadmpuns
1813 3577 1947 3660 sigillum
1964 3591 2055 3644 sunm

221 3695 384 3780 uppesui13
407 3693 467 3760 tuiis
487 3695 632 3760 testibus:
652 3693 791 3758 luharne
812 3691 946 3775 Clreyue,
969 3694 1073 3771 milite,
1095 3693 1213 3763 Tlnurua
1233 3693 1356 3772 Brulret,
1378 3691 1592 3760 Bannulumeo
1612 3695 1740 3777 fleury,
1768 3696 1900 3762 usuum
1920 3695 2054 3772 tautae,

221 3813 359 3880 iohanne
381 3812 648 3898 llassyngluourue,
670 3809 805 3895 sermio
827 3811 967 3895 dmpsit,
987 3811 1148 3881 Edmuudu
1169 3811 1310 3895 Wesup,
1328 3816 1504 3894 armigeris,
1536 3823 1567 3880 et
1588 3815 1691 3882 multis
1712 3815 1793 3882 aliis.
1836 3815 1945 3884 lletum
1968 3800 2055 3896 mniu-

224 3932 375 3998 tuderimu
396 3933 446 3998 die
466 3931 578 4000 mensis
595 3931 679 4010 Maii,
700 3947 784 4000 annu
805 3935 892 4015 regui
914 3933 996 4014 regis
1017 3931 1147 4010 deensi,
1170 3933 1247 3999 serti
1268 3939 1339 4013 pust
1360 3940 1568 4011 eonsumitur,
1590 3937 1742 4000 trieesimu
1764 3943 1885 4015 quarte.

222 4152 312 4239 cti.
343 4159 424 4239 Der
436 4157 516 4238 tm
528 4185 602 4240 eon
617 4159 676 4241 st.
691 4158 844 4240 Albense
860 4159 1111 4240 erldsatdens
1124 4159 1255 4240 lliller
1269 4108 1451 4260 moestior,
1470 4159 1718 4264 ldlsBeuefils
1730 4129 1812 4242 muel
1835 4161 2054 4262 WHepner

312 4311 392 4392 ulle
417 4311 581 4392 Dieusle
608 4311 689 4391 med
711 4310 896 4415 Adpalten
915 4337 998 4393 eun
1028 4313 1114 4393 dem
1143 4311 1274 4394 Ledus
1303 4311 1523 4416 dunelm·
1540 4337 1587 4393 eu
1617 4315 1733 4419 lunpe
1764 4313 1826 4394 dte
1850 4312 1967 4394 dures

435 4463 511 4543 dud
544 4461 790 4542 Grundelltelt
818 4490 892 4545 eun
929 4451 1145 4574 Wyu'depoe
1173 4461 1281 4547 Lame
1312 4465 1461 4547 beeilzl.
1522 4464 1638 4568 1456,
1669 4465 1752 4545 illue·
1779 4465 1839 4545 15.

372 4645 523 4714 omnibus
544 4641 658 4710 censu
679 4643 830 4723 tldelilus,
856 4645 897 4712 ed
917 4661 995 4726 ques
1015 4663 1143 4736 presens
1161 4651 1316 4728 seriptum
1328 4649 1718 4730 indentetnnpeuuenent,
1738 4646 2052 4728 telensem-peruris-

220 4770 305 4832 siene
330 4767 436 4832 &inu
463 4764 558 4830 nutas
575 4765 755 4832 muutsterli
781 4766 878 4832 musti
899 4763 1026 4844 lllltsm,
1054 4775 1083 4830 et
1109 4759 1243 4834 eusdem
1272 4767 1332 4835 luri
1360 4767 1676 4834 murentur-esteten
1697 4769 1729 4832 in
1754 4764 1932 4850 llllumies.
1976 4766 2052 4836 Cum

221 4883 511 4960 Tlrumsstssutiller,
532 4881 631 4960 miles,
653 4879 827 4950 willelnus
845 4879 978 4952 ll'eeudtu
999 4891 1028 4950 et
1047 4883 1223 4952 wilielmus
1244 4884 1361 4968 lleyues
1383 4888 1477 4954 seisiti
1493 4887 1681 4954 exisluutrin
1702 4887 1854 4954 duminieu
1869 4903 1943 4964 sue,
1965 4897 1995 4954 rt
2015 4889 2053 4952 de

377 5171 402 5234 1)
430 5161 568 5237 tenplum,
587 5171 691 5226 Aeduis
709 5170 835 5238 langley,
862 5173 889 5223 ln
908 5170 959 5225 der¹
971 5168 1048 5226 illitu
1066 5173 1207 5226 desselben
1225 5173 1364 5226 linndred.
1400 5173 1429 5226 lu
1449 5177 1548 5228 diesem
1569 5173 1631 5228 orte
1651 5177 1719 5228 usrd
1738 5173 1861 5230 illeolsus
1880 5177 2054 5238 ursstspsar,

221 5257 267 5309 der
284 5254 442 5319 usennerlpe
459 5257 543 5319 Papst
559 5258 676 5314 lladrlm
695 5257 749 5324 tu,
765 5257 891 5324 pelleren-
995 5263 1015 5310 s

2302 2799 2355 2864 ss*
