4914 6254
411 535 498 618 128
1187 527 1299 624 rust,
1324 531 1411 604 uae
1436 531 1472 601 4.

409 833 488 894 rum,
512 817 684 880 libertatum
706 823 735 877 et
757 811 1007 879 consuetudinum
1028 811 1251 894 predictorum,
1274 813 1534 896 qualitercumque
1557 811 1681 880 debitis.
1724 813 1768 878 tta
1790 813 1871 894 quod
1893 816 1953 894 ipsi
1974 823 2160 880 mercatores
2181 833 2249 896 pre-

409 927 558 999 dicti'nec
581 933 725 1011 aliquem,
747 933 799 1012 qui
821 931 859 994 de
880 933 1018 1013 ipsorum
1041 946 1168 998 numero
1190 949 1250 996 non
1273 934 1392 1010 existat,
1415 948 1470 996 nec
1493 933 1558 997 eius
1580 933 1660 998 bona
1683 949 1737 998 seu
1760 934 1967 1012 mercimonia,
1988 935 2020 998 in
2041 933 2179 998 fraudem
2195 935 2249 1000 ad·

409 1060 517 1117 nocent
537 1068 591 1118 seu
613 1051 791 1116 submittant
812 1049 1040 1130 quoquomodo.

548 1169 711 1234 Nolumus
734 1169 840 1246 eciam,
863 1175 892 1230 et
913 1184 970 1247 per
990 1173 1146 1248 presentes
1168 1167 1360 1234 concedimus
1387 1166 1514 1248 prelatis
1542 1169 1781 1246 mercatoribus,
1814 1169 1896 1250 quod
1925 1169 2127 1234 cancellarius
2148 1178 2250 1234 noster

411 1289 520 1374 Anglie
542 1306 579 1352 ac
601 1297 703 1352 custos
726 1288 839 1369 priuati
861 1286 954 1370 sigilli
976 1288 1082 1365 nostri,
1104 1303 1162 1366 pro
1185 1294 1321 1366 tempore
1342 1289 1514 1364 existentes,
1537 1294 1566 1350 et
1588 1303 1693 1352 eorum
1716 1295 1850 1368 vterque,
1873 1296 1918 1352 tot
1939 1295 1967 1352 et
1989 1288 2062 1352 talia
2081 1288 2184 1352 literas
2194 1304 2250 1367 pa·

410 1417 516 1486 tentes,
539 1409 641 1472 brevia
664 1413 694 1470 et
715 1406 777 1471 alia
799 1405 943 1470 mandata
965 1414 1068 1470 nostra
1091 1423 1129 1470 er
1152 1407 1242 1468 cartis
1264 1405 1409 1484 predictis
1430 1412 1459 1468 et
1479 1407 1671 1486 presentibus
1693 1405 1802 1470 litteris
1824 1409 1954 1486 nostris,
1976 1414 2038 1470 mm
2061 1406 2118 1470 snb
2141 1421 2249 1488 magno

413 1541 504 1607 quam
526 1526 646 1606 privato
667 1523 777 1607 sigillis
800 1525 912 1590 nostris
933 1521 1049 1601 denda,
1083 1531 1146 1588 tam
1168 1522 1384 1588 collectoribus
1407 1511 1665 1588 ousmmarum'et
1693 1524 1899 1590 subsidiorum
1928 1533 2101 1590 nostrornm
2123 1525 2155 1588 in
2176 1541 2250 1604 quo-

340 1661 344 1672 ’
413 1661 541 1725 cumque
562 1651 654 1725 portu
675 1643 762 1726 regni
784 1642 881 1706 nostri
902 1641 1042 1722 predicti,
1065 1659 1101 1704 ac
1123 1642 1406 1722 custodibuspacis
1428 1649 1457 1704 et
1479 1642 1703 1708 vicecomitibus
1726 1644 1757 1706 in
1779 1657 1969 1724 quocumque
1995 1645 2155 1720 comitatu,
2179 1643 2251 1706 ciui·

413 1770 474 1826 tate
496 1771 527 1825 et
547 1761 620 1826 villa
637 1762 728 1843 regni
749 1760 845 1824 nostri
867 1758 1008 1840 predicti,
1031 1775 1088 1840 pro
1109 1767 1246 1840 tempore
1267 1758 1475 1836 existentibus,
1497 1774 1590 1838 quam
1613 1758 1802 1828 thesaurario
1819 1771 1847 1824 et
1860 1761 2026 1824 baronibus
2041 1757 2252 1826 deScaocario

412 1889 529 1956 nostro,
552 1889 581 1942 et
602 1879 743 1943 omnibus
766 1875 835 1941 aliis
856 1875 1023 1954 officiariis,
1047 1877 1194 1942 ministris
1215 1885 1245 1940 et
1266 1877 1355 1959 ligeis
1376 1878 1490 1940 nostris
1511 1885 1542 1940 et
1562 1876 1708 1942 heredum
1730 1887 1914 1957 nostrorum,
1936 1877 2106 1960 dirigenda,
2129 1886 2203 1957 quot
2223 1885 2253 1940 et

412 1997 515 2077 qualia
536 1995 662 2077 pretatis
684 1996 904 2061 mercatoribus
926 2012 980 2060 seu
1003 2011 1108 2060 eornm
1131 1995 1239 2072 alicui,
1273 2011 1331 2076 pro
1353 1995 1535 2060 escensione
1556 1997 1776 2075 premissorum
1799 1994 1948 2061 videbitur
1973 1995 2042 2059 iore
2070 1999 2253 2074 necessaria,

411 2131 465 2179 seu
487 2113 715 2194 quomodolibet
736 2121 897 2195 oportuna,
920 2130 955 2176 ac
978 2112 1147 2176 consimilia
1169 2113 1272 2177 breuia
1295 2122 1325 2176 et
1346 2089 1510 2178 reamanm'
1524 2113 1581 2177 sub
1604 2113 1716 2178 eisdem
1738 2113 1866 2195 sigillis,
1898 2112 2002 2193 qualia
2024 2089 2254 2200 iidem'merca·

413 2243 511 2310 tores,
544 2239 683 2311 pretextu
704 2230 834 2296 alicuius
856 2230 991 2295 mandati
1014 2231 1111 2294 nostri
1134 2237 1202 2306 ante
1224 2230 1279 2294 bec
1303 2239 1440 2312 tempora
1462 2221 1645 2308 habuerant,
1679 2231 1717 2295 de
1739 2240 1875 2312 tempore
1897 2233 1928 2294 in
1958 2240 2094 2314 tempus,
2127 2231 2254 2296 durante

412 2352 541 2416 termino
563 2351 744 2431 prescripto,
767 2349 882 2429 absque
904 2348 1055 2414 dilacione
1077 2348 1142 2412 lieri
1164 2346 1280 2413 iaciant
1300 2356 1330 2413 et
1350 2347 1477 2428 pretatis
1498 2350 1718 2412 mercatoribus
1739 2348 1913 2414 deliberari.

565 2467 692 2532 Proviso
714 2483 851 2547 semper,
874 2467 956 2546 quod
978 2469 1004 2532 si
1027 2467 1080 2546 qui
1101 2484 1138 2530 er
1160 2466 1380 2532 mercatoribus
1401 2465 1560 2546 predictis,
1584 2466 1711 2531 durante
1733 2475 1869 2546 ternpore
1890 2466 1980 2531 buius
2001 2469 2204 2533 concessionis
2226 2478 2255 2532 et

412 2589 604 2666 presencium
634 2586 790 2650 literarum
819 2591 1009 2662 nostrarum,
1039 2583 1152 2648 bellum
1181 2583 1285 2649 forsan
1312 2585 1399 2649 nobis
1420 2601 1475 2648 seu
1496 2582 1624 2648 subditis
1647 2585 1759 2648 nostris
1780 2585 1981 2664 quouismodo
2003 2585 2174 2664 intulerint,
2203 2596 2255 2650 aut

414 2712 519 2769 eontra
541 2720 597 2768 nos
619 2717 672 2766 seu
694 2703 832 2767 subditos
853 2709 975 2767 nostros
996 2702 1142 2766 mortales
1164 2719 1217 2766 seu
1240 2701 1366 2768 hostiles
1390 2701 1565 2768 inimicicias
1590 2702 1795 2780 exercuerint,
1828 2719 1883 2768 seu
1904 2702 2020 2782 aliquid
2040 2721 2097 2784 per
2117 2704 2254 2784 predam,

415 2827 475 2887 rim
497 2829 647 2886 armatam
669 2829 723 2885 aot
742 2819 844 2885 hostili
867 2835 951 2884 more
974 2822 1100 2898 iniuste,
1128 2837 1182 2884 seu
1204 2820 1281 2884 alias
1303 2819 1452 2884 malitiose
1474 2821 1732 2900 attemptaverint,
1761 2836 1823 2901 quo
1845 2821 1945 2884 miuus
1966 2823 2184 2906 reintegraeio,
2206 2840 2254 2887 re·

415 2940 562 3005 lormacio
585 2957 638 3004 sen
661 2939 848 3020 composicio
869 2937 1042 3016 concordie,
1072 2939 1209 3002 amicicie
1230 2946 1260 3001 et
1280 2940 1367 3019 pacis
1388 2947 1534 3019 perpetue
1555 2939 1760 3020 interregna,
1789 2945 1897 3016 terras,
1920 2939 2068 3018 ciuitates,
2090 2941 2206 3021 oppida
2226 2950 2254 3005 et

416 3059 484 3122 loca
506 3057 683 3122 Alemannie
704 3065 734 3120 et
755 3054 865 3138 Anglie
886 3071 1051 3136 eorumque
1072 3056 1205 3136 populos
1227 3065 1256 3119 et
1277 3055 1409 3134 incolas,
1437 3056 1633 3120 edectualiter
1657 3055 1803 3135 procedat
1829 3065 1859 3120 et
1880 3057 2013 3122 debiturn
2041 3060 2185 3124 sortiatur
2212 3057 2253 3122 el·

415 3174 545 3252 lectum,
579 3184 688 3238 extunc
710 3175 770 3256 ipsi
791 3173 969 3238 beneficium
998 3173 1250 3241 accommodum
1279 3171 1403 3254 aliquod
1432 3191 1467 3236 ex
1489 3175 1623 3252 presenti
1649 3177 1844 3240 concessione
1865 3184 1969 3240 nostra
1991 3176 2163 3242 nubamnus
2185 3194 2254 3242 oon·

416 3301 591 3373 sequantur,
615 3291 772 3372 nequead
796 3307 847 3356 eos
870 3290 975 3355 eadem
998 3293 1153 3357 concessio
1175 3299 1280 3356 nostra
1302 3290 1480 3356 extendatur
1501 3292 1565 3356 ullo
1587 3290 1694 3356 modo:
1718 3291 1802 3356 nullo
1824 3301 1925 3357 tamen
1947 3310 2003 3375 per
2024 3293 2082 3360 boc
2103 3296 2183 3372 aliis,
2206 3298 2255 3374 qui

416 3413 447 3478 in
474 3429 511 3475 ea
539 3419 628 3492 parte
654 3413 777 3476 minime
803 3403 972 3488 tulpabites
1001 3409 1128 3486 luerint,
1162 3409 1331 3488 preludioio
1358 3409 1540 3492 generando.
1592 3409 1624 3472 ln
1653 3411 1738 3474 cuius
1766 3412 1810 3476 rei
1839 3412 2042 3475 testimonium
2071 3412 2126 3477 bas
2152 3412 2255 3478 literas

415 3537 535 3594 nostras
558 3529 623 3594 ueri
644 3527 772 3592 lecimus
794 3535 943 3608 patentes.
985 3527 1075 3592 Teste
1098 3529 1254 3607 meipso,
1276 3526 1704 3607 apudWestmonesterium‚
1727 3536 1836 3607 quarto
1859 3527 2046 3624 diellarcii,
2068 3547 2149 3596 anno
2172 3533 2257 3612 regui

416 3648 512 3710 nostri
534 3654 630 3711 sesto.
675 3645 733 3708 Per
755 3647 846 3710 breve
867 3645 905 3710 de
927 3648 1046 3727 privato
1068 3646 1181 3729 sigillo,
1204 3647 1293 3710 etde
1315 3647 1385 3711 data
1407 3645 1542 3726 predicta
1565 3649 1743 3710 auctoritate
1763 3646 1969 3728 parliamenti.

1996 3764 2103 3848 Ragot.

570 3878 757 3948 lordono:
781 3880 984 3970 ¹lrrotulatum
1007 3883 1037 3946 in
1060 3883 1267 3948 memorandis
1289 3881 1458 3960 Soaccarii,
1487 3882 1643 3960 videlicet,
1672 3883 1752 3945 inter
1772 3882 1899 3948 recorda
1922 3883 1959 3948 de
1981 3883 2111 3948 termino
2133 3883 2259 3964 Pascbe,

418 4015 499 4064 anno
521 4008 606 4064 serto
629 4001 710 4081 regis
731 3998 878 4064 Edwardi
900 4003 1010 4079 quarti,
1034 4000 1135 4064 rotulo
1157 4000 1300 4078 secundo,
1323 4017 1360 4066 ex
1382 4009 1470 4081 parte
1490 4000 1737 4064 rememoratoris
1758 4005 1850 4082 regis.
2113 3987 2120 4002 ’

418 4249 555 4339 cxtl.
586 4257 710 4362 Ktlor'p
729 4257 902 4339 Educet
922 4260 946 4339 t
949 4257 988 4338 V.
1016 4260 1199 4363 beeouqct
1224 4259 1312 4338 deor
1334 4258 1463 4339 Boibe
1487 4281 1537 4336 eu
1559 4257 1758 4368 Hombarrp
1783 4265 1892 4340 sobre
1913 4260 2259 4366 Bereitmllls'plteit,

658 4411 722 4490 die
747 4411 985 4491 baosieodeo
1008 4411 1244 4514 Prieilcpiec
1265 4437 1314 4490 su
1334 4411 1577 4514 cerldogcm.
1639 4406 1758 4514 itur,
1789 4409 1899 4490 Matre
1920 4410 1957 4491 ll.
1979 4409 2014 4513 ¹)

571 4589 755 4670 Edwardus,
778 4591 833 4654 Dei
854 4593 959 4674 gracia
983 4605 1036 4654 rex
1057 4590 1167 4673 Anglie
1189 4599 1219 4654 et
1240 4589 1381 4656 dominus
1403 4589 1553 4670 llibemie,
1576 4590 1794 4673 spectabilibus
1815 4599 1844 4654 et
1867 4593 2103 4674 egregiarum,
2126 4591 2261 4657 Procon-

418 4707 535 4775 sulibos
556 4715 586 4771 et
601 4705 785 4772 Consulibus
807 4708 936 4772 civitatis
953 4707 1201 4791 llamburgensis,
1225 4709 1331 4774 amieis
1353 4712 1465 4774 nostris
1487 4711 1663 4786 carissimis,
1685 4709 1825 4772 salutem.
1858 4708 1975 4774 Literas
1997 4718 2125 4789 uestras,
2147 4713 2260 4776 mensis

419 4823 597 4888 Nouembris
619 4825 718 4888 ultimi
739 4824 789 4888 die
811 4827 898 4890 tertio
915 4828 1056 4907 scriptas,
1080 4841 1178 4904 nuper
1200 4827 1386 4907 recepimus3
1409 4829 1519 4906 quibus
1541 4828 1674 4905 tandem,
1696 4835 1768 4908 post
1789 4827 1935 4891 nonnulla
1953 4829 2097 4908 variaque
2118 4845 2260 4894 sermone

420 4943 551 5024 eleganti
572 4949 601 5004 et
623 4943 728 5007 ordine
750 4943 844 5025 longo
866 4953 1000 5023 narrata,
1023 4946 1151 5028 aggredi
1172 4961 1229 5010 nos
1249 4946 1391 5025 precibus
1410 4945 1562 5024 uidemini,
1586 4943 1711 5011 velimus
1733 4948 1765 5007 in
1788 4944 1907 5024 aliquos
1929 4944 2028 5012 denuo
2049 4963 2148 5012 annos
2170 4963 2258 5012 usum

423 5093 725 5108 m

578 5193 603 5258 ¹)
631 5193 688 5245 dns
707 5194 767 5248 dem
787 5196 922 5262 originale
940 5198 988 5250 des
1007 5198 1231 5262 bamburgiscben
1247 5196 1386 5260 brettias,
1402 5198 1453 5250 mlt
1469 5198 1684 5264 snlgsdrncttem
1702 5199 1798 5261 straet.
