4866 6264
784 607 1508 708 1mmm4mmm
1735 585 1741 602 ’
1964 613 2050 696 m

205 925 282 1010 ·V.
310 923 396 1009 rol.
418 927 516 1011 rare
540 921 622 1002 und
648 920 715 1002 lb.
729 919 927 1002 Blodlosnn
949 919 1184 1024 uberlrogon
1204 917 1288 999 ihre
1302 918 1452 1042 Rachle
1476 920 1553 1024 ons
1572 923 1683 1002 cion
1696 919 1825 1022 Piala,
1852 919 2051 1026 Gontiana,

344 1079 429 1182 Koy
447 1076 529 1157 uod
552 1075 699 1155 Gnnlcn
721 1099 769 1154 su
789 1073 896 1178 hylen
927 1072 1002 1178 ons
1026 1072 1101 1153 don
1124 1069 1247 1175 ilcan
1267 1071 1439 1152 Eduord
1461 1071 1527 1153 IV.
1589 1072 1704 1176 1u75,
1736 1073 1849 1178 April
1869 1073 1932 1154 25.

379 1257 483 1326 Sciant
497 1265 651 1337 presentes
673 1263 702 1320 et
723 1255 826 1334 loturi,
848 1255 931 1335 qnod
953 1271 1008 1320 nos
1025 1253 1178 1318 lohannes
1194 1251 1269 1342 Tale
1284 1261 1315 1318 et
1332 1251 1466 1318 Thomas
1483 1252 1648 1334 bledlowe,
1670 1255 1858 1321 aldermanni
1875 1273 1911 1320 ac
1929 1253 2038 1342 cincei,¹

227 1381 358 1447 unitatis
375 1379 539 1456 bondonie,
560 1375 739 1452 dimisimus,
762 1374 961 1453 leoliauimus,
983 1372 1180 1438 liberauimus
1196 1371 1298 1436 ethan
1314 1373 1447 1453 presenti
1468 1382 1551 1438 carta
1573 1382 1678 1439 nostra
1695 1376 1941 1440 confirmauimus
1957 1373 1968 1460 ῑΙ
1984 1393 2053 1457 pre-

226 1499 433 1582 potentissimo
455 1504 484 1563 et
505 1495 754 1560 excellentissimo
775 1495 906 1575 principi
928 1502 958 1558 et
978 1493 1102 1558 domino
1122 1500 1238 1570 nostro,
1260 1491 1386 1556 domino
1406 1491 1575 1572 Edwardo,
1608 1493 1663 1558 Ilei
1689 1497 1788 1578 gratia
1809 1497 1875 1580 regi
1895 1494 2004 1578 Anglle
2025 1503 2055 1560 et

228 1620 354 1686 Francia
369 1615 381 1703 ll
397 1626 427 1682 et
441 1616 565 1681 domino
584 1613 736 1693 Hibemie,
759 1621 852 1679 totam
869 1614 953 1677 illam
975 1611 1113 1692 placeam
1135 1619 1164 1675 et
1186 1618 1386 1675 tenementum
1408 1627 1476 1674 oum
1498 1628 1575 1694 cayo
1596 1621 1626 1676 et
1645 1613 1774 1694 gardino
1791 1615 1997 1679 adiacentibus
2018 1631 2055 1679 ac

228 1739 369 1804 domibus
390 1744 460 1802 ante
482 1734 618 1811 situatis,
641 1732 778 1812 celariis,
800 1732 922 1798 solariis
944 1740 974 1796 et
993 1731 1135 1796 omnibus
1156 1730 1224 1794 aliis
1246 1731 1309 1794 suis
1331 1731 1524 1811 pertinenciis
1546 1731 1576 1793 in
1599 1731 1670 1795 nilla
1692 1733 1729 1797 de
1751 1731 1859 1800 Lanae
1881 1730 2054 1822 Episcopi,

226 1875 286 1941 one
307 1857 380 1923 olim
401 1855 523 1922 luerunt
543 1852 675 1933 Philippi
696 1851 819 1934 Wythe,
842 1851 915 1916 olim
936 1850 1097 1932 burgensis
1120 1849 1252 1915 eiusdem
1274 1849 1358 1928 ville,
1382 1848 1549 1916 edificatam
1571 1857 1601 1913 et
1621 1851 1763 1914 situatam
1784 1871 1820 1916 ex
1843 1856 1984 1934 opposito
2005 1869 2054 1918 ec·

227 1977 318 2044 clesic
345 1982 448 2042 sancte
475 1973 645 2056 Margarets
672 1970 805 2038 eiusdem
838 1970 907 2035 ville
936 1971 1013 2036 inter
1039 1970 1139 2034 vicum
1169 1969 1286 2052 regium
1314 1968 1425 2033 ibidem
1454 1986 1492 2032 ex
1517 1977 1606 2049 parte
1634 1971 1773 2034 orientali
1801 1979 1831 2034 et
1864 1985 2053 2036 communem

226 2111 337 2178 squam
359 2079 529 2160 dinteville
550 2109 586 2156 ex
609 2097 696 2171 parte
716 2089 895 2156 occidentali
917 2097 946 2152 et
966 2096 1169 2154 tenementum
1189 2087 1343 2169 quondam
1364 2086 1510 2152 lobannis
1529 2086 1753 2171 Lalxynghithe,
1781 2099 1888 2171 postca
1907 2089 2055 2154 lobannis

225 2215 385 2296 'l'horesby
406 2230 443 2278 ex
464 2221 551 2292 parte
572 2210 683 2276 boriali
704 2218 734 2274 et
755 2217 956 2275 tenementum
977 2225 1075 2290 nuper
1083 2206 1208 2272 linberti
1219 2205 1331 2272 hamne
1352 2224 1390 2271 ex
1410 2215 1497 2286 parte
1519 2207 1654 2272 australi
1693 2205 1762 2289 Que
1779 2208 1900 2288 quidem
1916 2209 2054 2289 placeam

226 2345 256 2402 et
282 2341 449 2400 tenemento
476 2347 545 2396 cnm
572 2346 666 2410 cayo,
699 2327 842 2412 gardino,
876 2328 1029 2407 domibus,
1063 2327 1200 2405 celariis,
1233 2326 1354 2392 solariis
1383 2333 1412 2391 et
1440 2327 1580 2392 omnibus
1606 2325 1675 2392 aliis
1696 2329 1759 2392 suis
1786 2331 1978 2409 pertinenciis
1999 2345 2056 2410 per

226 2471 337 2520 nomen
359 2459 475 2530 septem
496 2450 738 2532 mesuagiorum,
768 2449 854 2514 unius
875 2446 996 2530 gardini
1024 2449 1161 2512 etunius
1183 2447 1252 2528 capi
1279 2462 1347 2510 cum
1369 2445 1561 2528 pertinenciis
1583 2447 1614 2509 in
1635 2445 1734 2510 heom
1756 2447 1899 2528 Episcopi
1920 2447 2056 2526 prodicta

226 2589 283 2638 nos
303 2567 413 2653 prelati
434 2566 587 2632 lohannes
608 2565 698 2646 Tute,
730 2567 864 2632 Thomas
885 2566 1042 2632 Bledlowe
1069 2583 1126 2646 per
1154 2582 1264 2632 nomen
1285 2563 1401 2630 'l'bnme
1422 2563 1598 2644 Bledlowe,
1613 2569 1761 2650 *groceri,
1795 2567 1868 2630 ciris
1888 2564 2054 2644 madonis,

227 2689 319 2756 simul
341 2703 410 2752 oum
431 2685 549 2751 Thema
571 2684 695 2763 liariter,
719 2701 846 2765 mercer,
869 2694 899 2750 et
919 2683 1037 2748 'l'homa
1059 2685 1193 2767 Wrigbt,
1217 2684 1344 2750 tinnlore
1365 2683 1404 2749 de
1425 2684 1498 2750 uilla
1518 2683 1620 2749 henne
1639 2683 1795 2766 Episcopi,
1818 2686 1870 2765 qui
1891 2692 1986 2748 totum
2009 2688 2056 2750 ius

227 2823 351 2886 eorum,
373 2812 499 2883 statum,
524 2803 660 2882 titulum,
682 2803 848 2881 ciameum,
877 2803 1058 2869 demandam
1080 2811 1111 2866 et
1132 2806 1275 2868 interesse
1296 2802 1334 2866 de
1356 2811 1385 2868 et
1405 2804 1437 2867 in
1459 2804 1616 2884 premissis
1638 2811 1669 2868 et
1688 2805 1882 2885 pertinenciis
1904 2821 1960 2886 per
1980 2804 2056 2868 sori-

227 2933 313 3009 ptum
335 2941 423 2992 suum
444 2923 650 3004 relaxationis,
673 2925 759 2986 ouius
781 2923 885 2988 datum
907 2931 952 2987 est
973 2922 1186 2990 terciodecimo
1209 2921 1258 2986 die
1278 2923 1391 2986 mensis
1411 2919 1537 3002 Aprilis,
1565 2939 1645 2986 anno
1666 2925 1754 3007 regui
1773 2923 1846 2988 dicti
1867 2922 1980 2988 domini
2002 2939 2056 2988 no

226 3049 275 3132 gis
295 3045 530 3126 quintodecimo,
553 3043 641 3108 nobis
662 3041 775 3107 eisdem
795 3041 927 3106 iohanni
948 3041 1023 3106 'l’ate
1044 3051 1074 3106 et
1094 3041 1210 3106 Thome
1229 3039 1397 3118 Btedlowe,
1418 3040 1580 3106 heredibus
1601 3048 1631 3106 et
1651 3043 1812 3126 assignatis
1833 3043 1945 3108 nostris
1967 3043 2058 3107 remi·

226 3173 331 3230 serunt
351 3173 381 3230 el
401 3163 595 3240 relaxarunt,
618 3177 715 3244 nuper
736 3161 896 3226 habuimus
918 3179 955 3226 ex
976 3160 1151 3227 dimissione
1172 3168 1202 3226 ct
1222 3159 1413 3225 fondamento
1433 3159 1580 3226 lobannis
1600 3159 1740 3240 hlaldon,
1769 3160 1942 3226 habendum
1963 3170 1993 3226 et
2014 3169 2057 3226 te·

227 3285 358 3351 nendum
379 3283 548 3364 predictam
570 3281 707 3364 placeam
729 3290 758 3345 et
779 3289 980 3346 tenementum
1003 3299 1071 3346 cum
1094 3297 1188 3362 napo,
1209 3278 1354 3362 gardino,
1377 3277 1534 3358 domibus,
1557 3267 1695 3359 nolanis,
1723 3277 1845 3347 scurris
1866 3289 1896 3346 et
1916 3281 2057 3346 omnibus

226 3404 296 3470 aliis
317 3406 381 3469 suis
402 3401 596 3485 pertinenciis
617 3397 737 3481 prelato
758 3399 882 3464 domino
904 3408 1009 3464 nostro
1031 3400 1113 3484 regi,
1134 3398 1297 3464 heredibus
1320 3407 1350 3463 et
1371 3400 1533 3484 assignatis
1555 3400 1619 3464 suis
1641 3399 1874 3481 imperpetuum.
1916 3399 1951 3464 ln
1972 3401 2057 3465 ouius

225 3525 271 3588 rei
294 3521 498 3588 testimonium
520 3520 590 3585 huic
611 3520 743 3600 presenti
765 3526 848 3583 carte
868 3527 972 3584 nostre
992 3519 1095 3602 sigilla
1116 3525 1221 3584 nostra
1244 3519 1451 3601 apposuimus.
1484 3516 1594 3586 Datum
1611 3519 1870 3600 vicesimoquinto
1885 3519 2057 3586 dicmensis

225 3640 356 3726 Aprilis,
385 3656 465 3706 anno
485 3638 709 3720 quintodecimo
731 3637 918 3721 supradicto.
1756 3635 1904 3720 Clyllnrd.

255 3897 331 3981 Vl.
376 3901 500 4006 Kbnip
529 3898 702 3980 Ednorcl
720 3896 789 3978 IV.
818 3895 1023 4003 tiberlrdpt
1054 3903 1165 3980 mnan
1194 3899 1326 4001 Plnla,
1359 3895 1556 4001 Gcbtindc,
1585 3896 1670 4000 Καρ
1697 3921 1735 3978 u.
1768 3923 1804 3978 n
1833 3922 1882 3978 sn
1910 3897 2027 4001 ipson
2152 3849 2155 3856 ι

935 4049 1052 4156 1u75,
1083 4049 1196 4158 April
1223 4047 1347 4154 29.¹)
1463 4148 1464 4151 Ν
1866 4059 1871 4072 ’
1912 4037 1917 4048 ’
1962 4057 1967 4069 “

379 4231 561 4310 Edwandus,
583 4233 637 4298 liei
658 4231 764 4298 Gratis
784 4232 849 4298 llex
863 4230 972 4316 huglie
994 4241 1023 4299 et
1043 4232 1169 4298 Francia
1190 4239 1219 4297 et
1240 4233 1388 4298 Dominus
1408 4230 1560 4310 ilibemie,
1582 4232 1722 4298 omnihus
1744 4234 1783 4299 ad
1805 4249 1882 4314 quos
1903 4239 2058 4314 presentes

229 4352 315 4416 litere
335 4352 543 4432 pervenerint,
564 4350 704 4414 salutem.
747 4348 855 4416 Sciatis
877 4351 958 4432 quod
979 4368 1046 4432 nos,
1069 4353 1158 4417 cerlis
1180 4352 1218 4417 de
1239 4355 1339 4416 causis
1360 4359 1391 4416 ct
1411 4350 1701 4416 considerationibus
1723 4368 1779 4416 nos
1800 4351 1972 4432 specialiter
1993 4365 2058 4414 mo-

226 4469 433 4548 remibunda
455 4472 553 4553 mana
575 4475 678 4533 nostra
701 4469 827 4549 speciali
848 4487 883 4534 ac
900 4477 981 4535 certa
1002 4471 1128 4538 scientia
1144 4479 1174 4536 et
1196 4486 1279 4536 mern
1296 4478 1379 4536 motu
1401 4471 1522 4550 nostris,
1544 4468 1693 4548 dedimus,
1716 4471 1931 4548 concessimus,
1953 4477 1983 4532 et
2003 4485 2060 4550 per

225 4597 382 4674 presentes
409 4587 517 4653 damus
545 4595 575 4652 el
602 4585 811 4667 concedimus,
846 4602 905 4666 pro
940 4589 1028 4653 nobis
1054 4596 1085 4653 et
1110 4588 1271 4654 heredibus
1300 4590 1429 4668 nostris,
1458 4587 1677 4652 mercatoribus
1705 4596 1735 4651 et
1767 4587 1890 4668 pupulis
1923 4588 2059 4652 nacionis

226 4708 383 4774 Alemanie
411 4705 606 4771 existentibus
634 4705 690 4770 sub
718 4711 747 4769 et
775 4705 813 4769 sle
835 4703 1092 4785 confederatione,
1127 4707 1189 4790 liga
1211 4715 1241 4771 et
1261 4687 1404 4772 societate
1424 4705 1522 4771 ilause
1543 4705 1727 4784 Teutonice,
1756 4704 1833 4770 alias
1862 4705 1951 4769 dictis
1980 4719 2059 4770 mer·

227 4827 380 4893 catoribus
406 4824 582 4904 Alemanie,
614 4822 793 4890 habentibus
820 4823 945 4891 domum
972 4825 1003 4888 in
1032 4825 1150 4890 ciritae
1176 4823 1313 4892 hondnm
1342 4844 1401 4907 qne
1431 4823 1603 4892 Gildehalla
1632 4823 1866 4890 Teutonicomm
1895 4824 2060 4906 vulgariter

227 4953 430 5026 nuncupatur,
452 4944 642 5027 presentibus
664 4952 694 5009 et
714 4942 835 5024 futuris,
858 4951 952 5008 totam
974 4943 1058 5006 illam
1079 4942 1218 5024 placeam
1240 4953 1270 5009 et
1291 4952 1473 5026 tenemento,
1507 4961 1576 5010 cum
1598 4960 1676 5026 cayn
1699 4952 1729 5008 et
1749 4941 1876 5028 gardino
1898 4943 2059 5009 adiacenti-

296 5313 361 5368 Μ
386 5227 517 5368 'ldlgcb
549 5234 634 5286 aloem
666 5233 824 5298 hamburgae
847 5231 1071 5297 coptu-unche,
1102 5231 1252 5298 sergllchen
1277 5233 1328 5284 mll
1353 5232 1413 5286 dem
1442 5233 1567 5286 ltibeeier
1593 5231 1800 5298 copiti-bache
1826 5233 1874 5285 aul
1896 5231 2060 5297 Pergameni.

228 5316 286 5370 l‘nl.
360 5316 416 5365 'un
486 5346 494 5363 .
1681 5335 1691 5345 ⁴·
1735 5341 1737 5346 ·

300 5448 465 5514 abebetlung
479 5449 514 5504 11.
1030 5447 1033 5456 ⁴
1822 5449 1856 5505 hl
