4914 6254
982 577 1090 672 lttl,
1118 579 1260 650 Februor
1286 575 1346 648 28.
1391 523 1398 536 ·
2016 587 2071 668 65

232 877 368 926 errorem
388 877 506 942 meam,
538 871 568 926 et
590 855 635 925 od
656 857 712 926 ltec
733 857 776 925 do
800 857 861 926 tibi
881 857 977 942 fidem
997 863 1143 945 meam,'’
1171 879 1339 942 manusque
1360 879 1432 926 suas
1454 862 1566 928 adtonc
1588 866 1627 930 ab
1649 867 1776 932 inuicem
1799 878 1990 949 separantes.
2034 871 2070 934 lit

232 980 262 1041 in
285 978 449 1043 conunenu
472 985 542 1042 tunc
564 978 676 1043 ibidem
697 977 778 1043 dieta
800 976 948 1044 Aldaneia
976 996 1044 1043 eum
1067 997 1160 1044 mano
1189 997 1245 1045 sun
1274 981 1398 1046 dextere
1419 981 1572 1061 prelatum
1600 983 1720 1049 Petrum
1750 1003 1806 1066 per
1833 1003 1957 1052 manum
1984 1005 2072 1054 suam

232 1096 387 1160 dexteram
410 1099 544 1176 capiens,
568 1096 666 1161 eidem
684 1095 773 1162 Petro
789 1098 880 1163 verba
903 1099 1072 1162 consimilia
1093 1096 1170 1162 dixit
1192 1107 1221 1162 et
1241 1099 1386 1180 protulit:
1411 1096 1478 1166 “Et
1500 1120 1558 1187 epo
1573 1099 1739 1168 Aldurtnio
1760 1104 1855 1192 cupio
1874 1117 1912 1184 te,
1940 1104 2072 1174 Petrum

240 1211 411 1298 Vincentia,
436 1214 471 1282 air
493 1214 603 1282 eirrtm
625 1227 655 1281 et
675 1215 831 1282 moritum
851 1235 955 1283 mcum
978 1227 1007 1284 et
1028 1215 1074 1283 od
1094 1215 1149 1284 lieo
1172 1215 1214 1284 do
1238 1216 1302 1284 tibi
1320 1216 1416 1300 fidem
1436 1220 1571 1302 menor,”
1594 1237 1762 1302 manusque
1784 1240 1855 1287 suas
1879 1227 1918 1288 ab
1941 1227 2071 1291 inuicem

232 1343 410 1412 separantes
431 1343 461 1398 et
482 1334 520 1398 ad
544 1335 673 1398 inuicem
695 1343 767 1398 tunc
789 1334 900 1400 ibidem
923 1335 1191 1402 deosculabantur.
1234 1334 1334 1418 Super
1355 1338 1465 1416 quibus
1483 1339 1624 1404 omnibus
1646 1348 1677 1402 et
1697 1341 1826 1424 singulis
1839 1341 1949 1421 prelati
1963 1343 2070 1410 Petrus

231 1451 380 1515 vincentii
402 1461 432 1516 et
453 1452 601 1517 ildoncia
622 1454 770 1517 instanter
792 1461 978 1538 rogauerunt
1000 1464 1029 1519 et
1051 1456 1275 1535 requisiuerunt
1297 1473 1332 1520 ac
1354 1457 1476 1538 rogauit
1503 1465 1533 1520 et
1555 1459 1712 1536 requistum
1733 1475 1839 1523 eorum
1863 1468 1988 1541 vterque
2009 1479 2068 1538 me,

229 1573 382 1634 notarium
404 1569 559 1650 publicum
581 1571 797 1652 subscriptum,
820 1573 864 1636 eis
883 1581 912 1636 et
932 1574 1049 1653 virique
1069 1573 1193 1638 illorum
1216 1589 1306 1636 vnum
1330 1574 1376 1638 rel
1398 1573 1488 1654 plora
1502 1575 1658 1656 publicum
1677 1577 1825 1642 conticere
1840 1582 2070 1644 instrumentum

228 1705 282 1752 seu
304 1688 427 1769 publica
450 1689 660 1752 instrumento.
703 1688 777 1752 Acta
800 1697 869 1754 sunt
890 1689 955 1768 bec,
978 1700 1070 1772 prout
1091 1707 1186 1770 supra
1208 1693 1383 1756 scribuntur
1404 1701 1434 1756 et
1454 1697 1630 1772 renitantur,
1652 1695 1710 1758 sub
1732 1713 1812 1760 anno
1835 1697 1966 1775 Domini,
1989 1699 2068 1763 indi·

229 1809 337 1884 ctione,
360 1806 545 1887 pontificatu,
570 1824 682 1884 mense,
705 1807 754 1872 die
776 1816 805 1872 et
827 1808 895 1872 loco
918 1807 1073 1888 predictis,
1097 1811 1288 1891 presentibus
1310 1819 1380 1874 tunc
1402 1811 1513 1876 ibidem
1535 1813 1674 1877 discretis
1696 1815 1785 1877 viris:
1816 1815 1931 1880 bluaro
1954 1816 2065 1900 ligidii,

230 1929 382 2006 armigero
405 1926 523 1989 literato
545 1923 582 1988 de
605 1927 726 1990 ciuitate
747 1925 955 2004 Vlixbonensi,
979 1927 1110 1992 lieberto
1132 1929 1263 2010 llartyn,
1286 1929 1405 1993 literato
1428 1931 1495 1996 ciue
1517 1940 1547 1994 et
1567 1931 1729 2012 pellipario
1748 1932 1827 1996 dicte
1843 1936 1974 2000 ciuitatis
1987 1935 2064 2000 Lon-

229 2043 382 2120 doneosis,
405 2043 542 2106 lobanne
560 2043 737 2122 blundbam,
760 2045 880 2124 clerieo,
904 2053 934 2108 et
950 2044 1086 2110 lobanne
1103 2043 1260 2126 Alpbonsi
1284 2048 1375 2124 laico,
1397 2047 1603 2115 Norwicensis
1622 2059 1651 2114 et
1668 2049 1885 2117 Eworaeensis
1896 2052 2065 2130 dioceseos,
2171 2095 2177 2120 .

231 2161 356 2224 testibus
377 2162 416 2224 ad
438 2163 587 2240 premissa
610 2165 725 2226 uocatis
747 2163 919 2244 specialiter
941 2170 970 2225 et
992 2165 1118 2247 rogatis.

381 2279 418 2342 lit
439 2297 507 2362 ego,
529 2271 683 2346 lebannes
704 2281 743 2344 de
760 2281 861 2359 Went,
884 2282 1011 2346 clericus
1034 2281 1240 2348 Landauensis
1261 2285 1427 2363 dioceseos,
1450 2286 1572 2368 publiea
1594 2289 1772 2352 auctoritate
1794 2289 1962 2368 apostoliea
1984 2299 2071 2354 nota·

227 2397 308 2474 rins,
343 2399 427 2460 curie
449 2395 675 2464 cantuariensis
698 2403 893 2482 registrarios
914 2409 944 2464 et
966 2401 1100 2466 eiusdem
1122 2404 1205 2466 curie
1227 2411 1363 2466 actorum
1386 2406 1503 2481 scriba,
1541 2406 1593 2482 qui
1614 2408 1772 2482 premissis
1794 2408 1935 2471 omnibus
1957 2418 1987 2470 et
2007 2409 2070 2472 sin·

227 2515 317 2597 gulis,
341 2516 413 2579 dom
436 2517 490 2592 sic,
513 2525 544 2579 rt
565 2519 759 2595 premittitur,
782 2521 839 2582 sub
861 2536 941 2584 anno
964 2519 1002 2584 ab
1024 2522 1234 2586 incarnatione
1250 2519 1382 2599 Domini,
1407 2523 1582 2600 indictione,
1604 2524 1790 2602 pontificatu,
1818 2541 1933 2602 mense,
1961 2524 2068 2590 diebus

227 2642 256 2695 et
278 2635 346 2696 loco
369 2643 438 2697 ante
460 2641 593 2698 tenorem
615 2635 732 2715 prelato
755 2643 824 2700 note
847 2639 913 2701 sion
934 2638 1118 2716 protbocolli
1139 2637 1213 2702 dicti
1235 2642 1373 2722 magistri
1389 2616 1467 2704 Petri
1486 2639 1623 2705 Cbercbe
1644 2644 1784 2722 superins
1806 2644 1996 2722 specificatis,
2014 2661 2065 2707 co·

226 2767 292 2815 ram
315 2749 442 2830 prelatis
465 2752 686 2817 venerabilibus
708 2754 797 2831 viris,
826 2755 956 2820 dominis
982 2755 1106 2820 officiali
1128 2762 1210 2822 curie
1233 2755 1461 2822 cantuariensis
1487 2759 1680 2836 ordesano,
1712 2762 1922 2825 commissario
1944 2777 2017 2838 suo,
2040 2769 2070 2825 et

225 2886 355 2948 pereas
377 2879 542 2954 agerentur
562 2878 592 2934 et
613 2872 734 2948 flerent,
764 2889 822 2935 uno
844 2889 913 2937 cum
935 2876 1154 2952 prenominatis
1176 2877 1328 2958 magistris
1349 2876 1487 2940 lobanne
1508 2873 1671 2954 Gerebert‚
1693 2878 1825 2942 custode
1848 2880 1966 2961 registri
1990 2879 2067 2944 dicte

225 2991 318 3065 curie,
342 2997 372 3052 et
386 2989 524 3053 lobanne
546 2989 724 3068 l’enltstone,
747 2993 874 3055 notariis
895 2992 1036 3071 publicis,
1059 2992 1109 3056 die
1122 2993 1219 3070 louis,
1243 2995 1384 3058 vicesimo
1406 2996 1494 3058 tertio
1516 2999 1628 3060 mensis
1649 2994 1829 3074 Flebruarii‚
1858 2998 2060 3077 presentibus,

226 3123 352 3186 presens
373 3107 510 3184 interlui,
540 3125 636 3188 eaque
658 3110 759 3173 omnia
782 3119 812 3173 et
834 3111 955 3195 singula
977 3113 1022 3174 sie
1044 3111 1109 3176 lieri
1131 3113 1192 3176 ridi
1214 3121 1243 3176 et
1265 3114 1379 3178 audiui.
1425 3113 1555 3178 Aliunde
1582 3124 1747 3194 occupatus
1774 3131 1831 3195 per
1856 3115 1950 3179 alium
1972 3117 2065 3180 scribi

226 3224 284 3286 leci
326 3225 437 3288 dimam
467 3234 570 3290 notam
599 3228 664 3290 siue
694 3227 936 3308 protbocollum,
971 3247 1062 3310 quam
1096 3247 1149 3294 seu
1177 3230 1260 3310 quod
1286 3231 1422 3312 prefatus
1452 3234 1599 3315 magister
1627 3233 1734 3297 Petrus
1763 3231 1901 3297 Cberebe
1930 3235 2065 3297 notarius

226 3343 346 3422 scripsit
369 3359 405 3406 ac
427 3345 521 3420 senio,
537 3344 717 3408 'indemitate
738 3355 768 3408 et
790 3346 945 3412 debilitate
960 3349 1123 3429 impeditus
1145 3350 1291 3429 perticere
1313 3361 1365 3414 aut
1387 3350 1514 3430 implere
1535 3367 1595 3414 non
1612 3353 1720 3430 potuit,
1744 3351 1923 3414 auctoritate
1936 3359 1965 3413 et
1980 3365 2065 3413 man·

226 3460 297 3524 dato
320 3459 392 3525 dieti
413 3462 528 3526 domini
550 3462 657 3525 decani
679 3469 710 3524 et
737 3465 937 3528 commissarii
967 3465 1005 3528 ad
1035 3467 1209 3530 instantiam
1237 3476 1267 3530 et
1289 3469 1514 3546 requisitionem
1538 3468 1647 3547 prelati
1674 3469 1810 3549 magistri
1834 3467 1956 3531 boberti
1977 3467 2063 3544 Kent,

225 3581 434 3659 procuratoris
456 3579 594 3659 predicti,
618 3583 822 3658 transsumpsi,
846 3587 1047 3661 transsumpsi
1070 3593 1099 3646 et
1116 3584 1286 3664 exemplaui
1308 3601 1344 3648 ac
1366 3586 1396 3647 in
1418 3583 1549 3648 termam
1572 3585 1724 3665 publicam
1747 3584 1862 3668 redegi,
1884 3583 1928 3648 nil
1950 3585 2065 3650 addens

224 3699 270 3762 vel
293 3701 442 3775 minuens,
464 3699 546 3778 quod
568 3698 641 3762 iacti
663 3700 863 3763 substantiam
885 3709 980 3765 mutet
1001 3702 1048 3764 vel
1070 3704 1165 3766 temet
1186 3703 1382 3768 intellectum.
1426 3702 1463 3764 lit
1485 3704 1557 3782 quia
1579 3703 1742 3767 collatione
1764 3711 1792 3766 et
1808 3704 2008 3767 assultatione
2025 3705 2064 3768 de

222 3820 266 3882 sin
288 3825 494 3898 transsumpto
518 3834 575 3882 una
598 3835 667 3884 cum
689 3817 770 3883 diota
793 3827 863 3884 nota
886 3822 951 3886 siue
972 3820 1165 3901 protbocollo
1188 3821 1333 3904 originali
1349 3837 1418 3885 cum
1434 3820 1552 3903 prelato
1570 3823 1716 3905 magistro
1730 3821 1869 3886 lobaune
1882 3817 2061 3902 Penltst'one,

224 3939 343 3999 notario
365 3936 499 4016 publico,
523 3935 682 4018 diligenter
704 3944 733 4000 et
756 3937 883 4002 fideliter
905 3937 1005 4017 lactis,
1027 3955 1084 4020 per
1105 3939 1227 4004 easdem
1250 3938 1446 4004 collationem
1469 3949 1498 4003 et
1519 3940 1750 4004 ascoltationem
1766 3918 1947 4006 'huiusmodi
1963 3950 2063 4006 trans·

223 4061 376 4135 sumptum
400 4070 458 4117 una
480 4069 548 4117 eum
570 4055 650 4120 diota
673 4064 745 4120 nota
766 4058 832 4121 siue
852 4057 1046 4138 protbocollo
1068 4058 1212 4141 originali
1234 4059 1265 4120 in
1288 4060 1431 4124 omnibus
1453 4058 1641 4122 concordare
1669 4059 1788 4137 inueni,
1822 4059 1865 4123 nil
1888 4059 1992 4123 addito
2013 4061 2061 4123 rel

223 4180 353 4249 mutato,
384 4173 465 4250 qood
487 4171 559 4236 iacti
581 4174 780 4239 substantiam
802 4184 896 4240 mutet
917 4177 963 4240 vel
986 4178 1080 4240 variet
1101 4176 1302 4254 intellectum,
1332 4175 1401 4240 ideo
1424 4177 1481 4240 boc
1503 4193 1630 4256 presens
1651 4177 1805 4256 publicum
1829 4178 2061 4240 instrumentum

222 4291 260 4354 de
278 4288 422 4354 mandato
440 4290 581 4370 prelibati
596 4291 710 4354 domini
728 4293 835 4357 decani
853 4303 882 4358 et
898 4297 1100 4360 commissarii
1122 4295 1230 4360 exinde
1245 4293 1372 4374 conieci,
1393 4296 1550 4386 publicani
1566 4305 1596 4360 et
1612 4298 1642 4360 in
1660 4297 1738 4360 bano
1754 4295 1909 4374 publicam
1929 4293 2059 4358 formam

224 4410 339 4491 redegi,
362 4407 485 4471 aliunde
506 4417 671 4489 occupatus
688 4427 744 4490 per
761 4411 865 4489 alium,
889 4423 918 4474 vt
938 4416 1131 4493 premittitur,
1155 4414 1246 4478 scribi
1269 4412 1327 4478 leci
1349 4415 1535 4494 propriaque
1557 4421 1648 4478 manu
1670 4414 1838 4493 subscripsi
1859 4413 2008 4495 signoque
2030 4420 2060 4474 et

221 4530 342 4592 nomine
361 4528 436 4590 meis
447 4527 546 4590 solitis
561 4537 590 4591 et
606 4529 755 4592 consuetis
773 4531 904 4611 signaui,
921 4541 1046 4613 rogatus
1059 4541 1088 4596 et
1098 4535 1271 4611 requisitus,
1283 4534 1312 4595 in
1324 4533 1412 4596 fldem
1426 4541 1455 4595 et
1466 4535 1668 4597 testimonium
1681 4531 1815 4594 omnium
1827 4531 2057 4608 premissorum.

218 4783 471 4866 mxxxiv.
518 4787 881 4900 Zeuprrissoonsope
909 4815 978 4869 eor
1008 4790 1095 4870 dem
1116 4791 1247 4872 Bolbe
1276 4818 1323 4872 so
1343 4792 1504 4871 Lortdort
1532 4790 1628 4870 uber
1659 4791 1722 4870 die
1756 4788 2057 4892 Verbeirulltuup

341 4939 411 5018 der
440 4935 637 5020 Alduoet‘o
666 4941 831 5021 Perlole
859 4943 941 5021 rond
973 4940 1118 5022 Geburl
1150 4949 1255 5023 einer
1290 4943 1463 5024 Toeloler.
1525 4941 1637 5042 tout,
1669 4941 1844 5022 aeonae
1867 4942 1936 5024 28.

373 5119 530 5186 Vniuersis
553 5123 731 5204 etsiugulis
754 5121 1027 5188 christifidelibus
1055 5125 1244 5204 presencium
1275 5125 1486 5188 continentiam
1516 5125 1626 5186 visuris
1653 5123 1699 5186 vel
1729 5123 1877 5188 audituris
1903 5123 2055 5187 lobannes

221 5235 360 5310 Partesle,
383 5239 480 5300 maior
503 5241 631 5304 cirritatis
655 5241 801 5320 tondeo,
824 5243 951 5306 salutem
975 5244 1005 5304 in
1028 5241 1157 5309 Domino
1175 5258 1244 5307 cum
1262 5243 1420 5325 agnitione
1444 5243 1587 5306 veritmis.
1627 5239 1638 5324 l]
1674 5243 1781 5305 Actum
1804 5242 1961 5307 cuiusdam
1984 5259 2055 5305 exa·

289 5386 451 5452 Abtbeilung
467 5390 499 5440 ll.
1835 5393 1852 5446 il
