4998 6256
410 569 472 650 28
900 569 1009 668 1401,
1037 571 1228 668 September
1254 573 1287 644 5.
1313 561 1365 625 ’--
1399 571 1764 668 renumerante.

411 923 571 1010 xnvl.
617 930 698 1010 Der
728 931 939 1036 Mupiatrut
969 935 1041 1016 der
1072 933 1192 1018 stadt
1222 936 1349 1018 Noae-
1363 935 1501 1019 011111
1531 962 1583 1016 au
1614 937 1684 1024 dor
1720 937 1822 1040 lbos
1858 938 1980 1020 umet
2011 940 2250 1042 derrsjertt'peu

408 1106 456 1162 ou
479 1079 694 1162 Strulatmd
715 1083 783 1187 sdr
804 1085 867 1165 die
886 1084 1107 1189 Ausculum
1128 1095 1236 1170 autea
1254 1089 1552 1194 Abpeordueteu
1574 1091 1655 1170 aad
1675 1091 1892 1195 oereprtelat
1916 1100 2009 1195 pute
2029 1089 2251 1194 Auscultate

469 1235 803 1316 strotouudiaolter
835 1232 981 1341 Selaiffc
1010 1239 1362 1351 1118111911,
1397 1241 1498 1324 uuelt
1520 1241 1792 1349 Bellirdcruup
1824 1251 1931 1323 11111
1956 1242 2190 1324 Sebreibeus

893 1419 946 1476 uro
976 1393 1052 1473 deu
1082 1393 1215 1499 Kbnig.
1276 1395 1395 1498 1l01,
1428 1395 1652 1502 September
1675 1396 1712 1476 5.
1733 1395 1768 1496 ¹)

560 1571 745 1636 Reuereudis
780 1580 810 1636 et
844 1571 982 1638 discretis
1018 1576 1089 1640 viris
1116 1573 1300 1640 Consulibus
1333 1584 1363 1640 et
1388 1575 1636 1661 Burgimagistris
1664 1575 1803 1642 Ciuitatis
1830 1575 2108 1644 Stralessundensis
2137 1577 2245 1654 blaior,

407 1687 583 1754 vicecomes
605 1697 635 1754 el
655 1688 863 1756 0111111111
884 1691 955 1756 rille
976 1693 1056 1758 Noui
1077 1691 1177 1758 Caslri
1199 1711 1292 1776 snper
1312 1693 1431 1776 Tyuum
1454 1697 1484 1758 in
1506 1695 1616 1780 llnglia
1638 1696 1767 1761 salutem
1789 1711 1858 1760 cum
1880 1698 2055 1762 reuereucia
2077 1698 2192 1777 pariter
2212 1705 2243 1760 et

407 1806 533 1872 bonore.
578 1805 663 1874 Scire
683 1809 825 1892 dignetur
847 1819 945 1874 vestm
967 1809 1114 1877 discrecio
1137 1812 1307 1877 veneranda
1330 1829 1386 1877 uos
1408 1821 1524 1879 vestras
1545 1815 1649 1878 litems
1671 1815 1865 1880 bonorabiles
1886 1830 1943 1895 per
1969 1829 2079 1879 manns
2099 1814 2248 1879 lobannis

409 1921 565 2004 Stemelre,
588 1930 684 1992 nostri
707 1930 877 2012 burgensis,
900 1948 998 2012 nuper
1019 1914 1178 2012 recepisse,
1201 1934 1251 1995 cui
1273 1941 1402 1997 vestram
1425 1933 1674 1997 beneuoleuuiam
1695 1949 1731 1998 uc
1752 1931 1935 2011 multiplices
1957 1943 2060 2015 grates
2082 1943 2183 1998 nostre
2201 1934 2248 1997 di-

409 2042 554 2110 lecoionls
575 2047 694 2125 intuito,
717 2055 809 2128 prout
830 2047 919 2112 uobis
941 2049 1053 2128 relnlil,
1076 2051 1279 2116 amicabiliter
1298 2051 1478 2128 intimastis;
1514 2053 1703 2132 eundemque
1723 2051 1891 2116 lobannem
1915 2051 1945 2114 in
1967 2054 2031 2115 suis
2054 2051 2180 2135 agendis
2202 2052 2248 2118 et·

407 2163 530 2228 11111111
552 2167 781 2243 pertractando,
813 2167 890 2232 vnde
912 2169 997 2232 vobis
1019 2185 1057 2232 cx
1079 2176 1142 2233 toto
1164 2172 1258 2234 nostri
1280 2168 1382 2234 cordis
1404 2169 1554 2234 desiderio
1584 2173 1689 2235 iulimc
1715 2173 1924 2254 regratiamur
1952 2185 2021 2234 cum
2048 2171 2166 2235 attactu.
2211 2171 2248 2234 Et

407 2290 551 2360 quantum
575 2283 614 2347 ad
635 2286 831 2368 grauamiua,
865 2296 958 2368 prout
978 2287 1010 2350 in
1031 2286 1119 2352 dictis
1142 2287 1239 2352 literis
1267 2290 1372 2353 restris
1401 2290 1587 2373 continetur,
1621 2290 1802 2354 vestratibus
1827 2289 1929 2366 illata,
1965 2298 2018 2354 aut
2039 2289 2121 2368 quod
2144 2288 2248 2368 aliqua

407 2399 556 2467 discensio
578 2405 657 2468 inter
678 2420 731 2468 vos
753 2413 783 2470 el
804 2405 935 2485 aliquem
958 2413 1149 2470 nostratuum
1172 2416 1251 2472 esset
1273 2409 1346 2470 inita
1369 2424 1422 2471 scu
1440 2415 1519 2486 orta,
1543 2407 1751 2488 multipliciter
1770 2409 1976 2473 condolemus.
2010 2405 2247 2488 insuperquoad

406 2519 527 2584 literam
548 2530 679 2586 vestram
702 2522 953 2590 excellentissimo
976 2525 1108 2606 principi
1130 2533 1158 2589 et
1184 2525 1256 2589 dno.
1285 2523 1356 2589 dno.
1388 2533 1494 2591 nostro
1519 2524 1593 2610 Regi
1623 2525 1733 2610 lluglle
1760 2533 1789 2589 el
1816 2526 1941 2590 Francia
1971 2525 2117 2590 directam
2146 2528 2247 2607 ipsum

407 2639 505 2704 cidem
527 2637 727 2706 serenissimo
748 2643 878 2724 principi
899 2643 972 2708 dno.
995 2652 1101 2708 nostro
1122 2643 1198 2729 Regi
1225 2643 1422 2710 festinacione
1450 2661 1510 2724 qua
1533 2645 1692 2710 commoda
1714 2647 1895 2727 poterimus,
1928 2643 2094 2710 seeundum
2115 2644 2247 2709 turmam

408 2759 496 2837 copie
517 2759 603 2822 litere
626 2762 714 2824 nobis
735 2763 913 2826 transmisse
934 2763 1178 2842 presentabimus
1205 2779 1273 2828 com
1303 2764 1421 2829 affectu.
1471 2763 1610 2830 scientes
1632 2781 1690 2846 pro
1720 2765 1827 2842 llrmo,
1861 2763 1942 2844 quod
1969 2781 2038 2828 oum
2068 2773 2097 2828 el
2123 2765 2246 2844 quando

392 2877 553 2968 ‘placuerit
575 2879 727 2960 aliquibus
748 2887 933 2945 nostratuum
954 2890 1057 2960 partes
1079 2890 1109 2945 et
1131 2881 1232 2946 uillam
1255 2890 1390 2947 nostram
1413 2897 1482 2946 cum
1510 2885 1616 2948 restris
1646 2882 1775 2947 nauibus
1804 2899 1858 2948 seu
1887 2884 2092 2948 mercimoniis
2113 2885 2245 2960 visitare,

405 2999 603 3076 quantumin
627 2999 714 3062 nobis
735 3007 779 3062 ost
802 3007 832 3062 et
853 2999 1018 3063 seeundum
1040 3007 1135 3064 mittut
1157 3009 1295 3064 nostmm
1318 3015 1422 3082 posse,
1446 3001 1537 3084 digno
1558 3010 1588 3064 et
1609 3000 1811 3066 amicabiliter
1831 3003 2031 3081 recipientur,
2065 3017 2125 3082 quc
2146 3004 2246 3066 consi·

407 3116 491 3180 milia
509 3117 730 3182 mercatoribus
743 3117 781 3196 ⁹]
796 3120 909 3182 uostris
927 3119 1009 3199 apud
1028 3118 1162 3182 rostari
1179 3134 1300 3198 semper
1322 3121 1463 3198 cupimus
1479 3127 1509 3182 et
1525 3135 1695 3199 speramns.
1733 3117 1873 3184 Vestram
1888 3121 2132 3200 prosperitatem,
2155 3127 2247 3199 prout

403 3245 555 3315 nostram,
588 3244 767 3317 perpetuam
796 3244 954 3300 consumet
982 3235 1149 3301 altissimus
1178 3238 1313 3319 gloriose
1334 3235 1469 3320 Virginis
1497 3240 1672 3302 intemerate
1698 3237 1780 3302 lilius
1806 3255 1862 3319 per
1882 3243 2021 3316 tempora
2043 3237 2165 3321 longius
2188 3237 2244 3302 tlu-

403 3363 518 3419 ratura.
562 3356 595 3418 ln
618 3357 703 3419 cuius
725 3355 769 3419 rei
792 3355 994 3419 testimouium
1017 3354 1200 3420 basliteras
1222 3364 1342 3419 nostros
1364 3356 1430 3420 fleri
1452 3354 1578 3420 lecimus
1600 3363 1756 3435 patentes,
1790 3364 1893 3420 nostro
1920 3357 1977 3421 snb
1999 3356 2101 3440 sigillo
2123 3355 2244 3437 consig-

403 3481 501 3539 natas.
546 3474 656 3538 batum
679 3474 769 3553 apud·
783 3474 894 3539 dictam
917 3472 1021 3536 villam
1044 3481 1179 3538 nostram
1201 3473 1281 3537 Noui
1303 3471 1403 3538 Casus
1425 3490 1518 3555 super
1539 3473 1680 3555 Tynam:
1715 3477 1819 3555 quinto
1841 3475 1891 3538 die
1911 3473 2023 3539 mensis
2046 3471 2243 3556 Septembris,

404 3591 492 3655 luno
513 3591 583 3656 bui.
606 3592 769 3658 llillesimo
792 3592 1091 3675 quadringentesimo
1113 3593 1224 3674 primo.
2126 3594 2132 3604 '

404 3796 586 3882 xnvlt.
632 3803 714 3884 Dea
744 3803 913 3907 Kdrtipea
942 3802 1128 3884 Heiurtelt
1156 3803 1181 3884 1
1184 3803 1223 3884 V.
1261 3804 1406 3908 Befebl
1444 3829 1497 3884 uu
1533 3805 1598 3884 die
1626 3805 2033 3909 uambapsoeaauas
2066 3803 2133 3906 fler
2170 3803 2245 3882 deu

434 3955 609 4036 Zebateu
638 3957 723 4036 uad
748 3955 889 4036 botbeu
921 3955 1116 4058 Zebatco,
1157 3953 1372 4059 betreffoud
1400 3955 1614 4062 Besreiuup
1645 3957 1716 4038 dor
1746 3955 1983 4037 boudscbeu
2012 3955 2216 4058 Koultcute

516 4132 589 4188 coa
620 4107 854 4210 demselbeu,
886 4106 1011 4210 1408,
1043 4106 1310 4210 1111126,
1341 4089 1423 4190 aad
1453 4107 1708 4215 desfutteiger
1737 4114 1938 4215 pduatiger
1968 4106 2132 4188 Bertebt

867 4261 939 4341 der
970 4259 1291 4344 Steuerbeumteu
1320 4287 1404 4343 noro
1433 4262 1472 4342 tl.
1495 4263 1579 4342 rats
1607 4263 1704 4343 dl.
1738 4259 1775 4366 ³)

553 4425 713 4505 llenrieus,
737 4425 791 4488 Dei
813 4427 918 4509 gracia
942 4443 994 4490 rex
1017 4424 1126 4510 buglis
1148 4435 1178 4490 cl
1198 4425 1340 4504 Francia,
1364 4433 1394 4491 et
1414 4425 1556 4492 dominus
1577 4425 1737 4504 Hibernia,
1760 4425 1901 4490 omnibus
1924 4425 1963 4490 ad
1985 4440 2063 4506 quos
2084 4433 2240 4504 presentes

401 4545 486 4610 litere
502 4545 707 4627 peruenerint,
724 4545 867 4610 salutem.
897 4544 1088 4624 inspeximus
1105 4543 1266 4609 recordum
1283 4552 1313 4608 et
1327 4559 1506 4636 processum
1522 4545 1554 4608 in
1570 4545 1677 4610 dluclis
1696 4544 1880 4610 cancellarie
1898 4548 2001 4608 nostre
2017 4545 2048 4607 in
2065 4543 2121 4608 bec
2137 4544 2244 4608 rerba:

552 4663 666 4728 Plaoilu
696 4678 799 4726 coram
821 4663 945 4728 domino
974 4677 1047 4747 rege
1069 4664 1099 4726 iu
1122 4661 1304 4727 cancellaria
1326 4677 1382 4727 sua
1403 4665 1434 4727 iu
1456 4661 1607 4743 quindena
1629 4671 1731 4728 sancte
1751 4661 1925 4741 Trinitatis,
1949 4676 2029 4726 auno
2052 4663 2138 4746 regni
2160 4663 2241 4746 regis

400 4779 520 4848 ilenrici
541 4782 642 4864 quarti
663 4788 734 4862 post
754 4790 953 4859 conquestum
976 4796 1057 4846 nouo
1075 4779 1211 4859 Loudon,
1234 4797 1278 4845 sc.
1301 4781 1448 4848 Dominus
1471 4799 1525 4848 rex
1546 4783 1700 4850 mmdorit
1720 4784 1811 4848 breve
1833 4797 1922 4846 suum
1945 4781 2081 4846 clausum
2095 4780 2239 4846 collecto-

407 4955 707 4970 m

556 5083 581 5150 ¹)
606 5082 666 5137 aas
684 5087 745 5139 darn
764 5087 899 5151 originale
916 5088 965 5140 des
982 5087 1111 5143 Arcblras
1129 5105 1163 5144 11
1181 5089 1331 5142 stralsund.
1492 5089 1518 5156 ²)
1546 5091 1605 5143 slel

555 5185 582 5252 ³)
608 5185 668 5240 Aua
686 5189 1150 5256 111111111111111111,1111111111
1184 5192 1311 5244 lidberttu
1327 5190 1455 5244 Analecta
1473 5193 1554 5245 madtl
1571 5189 1628 5245 1111
1647 5189 1719 5257 put
1732 5203 1774 5254 11.
1791 5191 1837 5244 bat
1854 5189 2105 5244 dleaaboeumentc
2121 5189 2150 5242 ln
2170 5191 2242 5241 eluar

399 5271 570 5336 uastauaung
587 5272 675 5338 llbnlg
692 5273 805 5336 llenrp's
825 5275 865 5338 1.,
885 5273 960 5340 llll,
978 5277 1127 5332 1111111111
1144 5274 1187 5343 15,
1206 5277 1273 5332 duob
1292 5278 1354 5330 salar
1372 5276 1512 5330 lcblarbalt
1529 5275 1700 5341 abgeurueltt.
