4998 6256
375 632 379 639 -
413 595 471 678 34
1148 582 1258 675 lili,
1285 583 1429 656 roomo
1451 579 1514 654 25.

414 884 446 942 et
467 875 549 956 quoi
570 873 692 956 numen
714 879 917 938 tenementum
938 885 1009 936 etms
1030 868 1114 948 lsyo
1134 867 1291 934 niueum
1312 872 1389 934 isoes
1410 871 1442 932 io
1463 863 1673 947 Wyugosine
1694 866 1724 928 in
1746 862 1892 942 puoehia
1914 863 2049 928 omnium
2071 857 2252 926 Senonum

416 993 456 1060 ud
477 994 581 1060 lenum
605 990 741 1058 mnino.
764 995 842 1054 inter
862 996 1064 1054 teumrentum
1086 987 1240 1064 quonian
1263 985 1419 1051 lierlbolrli
1442 982 1612 1066 iirestlyog
1632 1000 1670 1048 ox
1699 991 1786 1063 perte
1812 981 1952 1046 orientali
1983 988 2013 1044 et
2035 981 2147 1060 lupum
2170 985 2252 1042 tene·

416 1116 510 1180 messii
532 1114 629 1177 monti
654 1104 956 1195 Esteripopesboiie
978 1123 1015 1172 ex
1036 1113 1123 1184 perte
1142 1104 1323 1170 oooirleutsli
1344 1111 1374 1166 et
1392 1117 1506 1182 nouem
1528 1101 1682 1169 Tbamisie
1703 1117 1741 1167 ex
1762 1109 1850 1182 perte
1871 1098 2015 1176 emboli,
2047 1106 2078 1162 et
2100 1105 2251 1162 tenemen-

417 1223 480 1299 tum
502 1229 655 1311 quondum
678 1225 830 1306 liudolpbl
852 1225 1024 1304 illukeueye
1045 1240 1084 1288 ex
1104 1231 1192 1304 perte
1213 1222 1403 1301 aquilonum
1439 1229 1470 1286 et
1491 1218 1572 1300 quod
1594 1219 1715 1300 quidem
1744 1225 1945 1284 uuementum
1972 1232 2042 1282 oum
2062 1216 2145 1296 lreyo
2166 1213 2252 1278 otim·

415 1357 504 1415 osuio
524 1350 556 1411 in
577 1348 700 1411 oirritele
721 1343 857 1412 lundon.
881 1352 910 1410 et
931 1359 1001 1408 oum
1023 1341 1164 1408 omnibus
1185 1341 1256 1406 eliis
1277 1339 1552 1416 commoditatibus,
1576 1340 1762 1406 e'uismeutis
1783 1345 1813 1402 et
1833 1337 2022 1417 pertiuentiis
2043 1331 2187 1412 prodistis
2209 1339 2252 1396 te·

416 1443 556 1532 nemenio
578 1473 610 1528 et
629 1464 711 1544 lopo
733 1463 993 1541 qualitercumque
1014 1460 1248 1540 pertinemibus,
1271 1474 1329 1542 ego
1351 1457 1487 1537 prefatus
1511 1458 1632 1524 tureos
1652 1475 1689 1522 uo
1710 1456 1821 1536 pretori
1842 1453 1991 1518 moruus
2013 1450 2108 1528 Bauli,
2131 1450 2252 1516 willel·

416 1601 485 1652 mus
506 1583 691 1666 byggyngee
712 1589 743 1644 et
761 1579 915 1644 iobeunus
936 1578 1137 1644 iinrlolstede
1159 1594 1256 1659 nuper
1277 1577 1368 1642 simul
1389 1577 1550 1642 isonium
1569 1594 1610 1640 ex
1630 1575 1712 1642 douo
1733 1585 1762 1640 et
1782 1575 1974 1640 ieoi'emento
1987 1571 2107 1636 ibone
2119 1567 2252 1634 cliuum·

416 1703 556 1784 berieyn,
579 1701 697 1778 olerioi,
731 1717 788 1778 per
809 1706 924 1764 curtem
946 1699 1043 1776 ipsius
1065 1697 1182 1762 Tbome
1203 1695 1450 1778 Cisumberleyn
1469 1695 1573 1760 dotem
1594 1694 1729 1760 imum.
1751 1693 1956 1760 sextodecimo
1977 1691 2028 1756 die
2047 1689 2143 1766 iunii,
2172 1703 2253 1752 euno

418 1826 505 1904 regni
526 1821 610 1903 regis
631 1813 751 1886 ileurloi
775 1820 875 1897 onorii
902 1826 973 1897 post
999 1825 1198 1897 eououestum
1227 1817 1357 1882 decimo.
1400 1815 1443 1882 lte
1473 1813 1554 1894 quod
1583 1832 1639 1878 neo
1666 1829 1725 1896 ego
1753 1813 1852 1878 diotone
1875 1811 2009 1887 ilerum,
2043 1825 2100 1874 nee
2127 1805 2253 1872 heredes

418 1943 489 2017 mei,
512 1955 567 2002 neo
588 1937 699 2016 aliquus
721 1939 844 2002 nomine
865 1943 969 2000 oestro
991 1935 1107 2015 aliquid
1130 1939 1206 2000 iuris
1228 1935 1274 2000 rel
1297 1932 1405 1998 eiamei
1425 1934 1456 1998 in
1478 1933 1615 2011 predicto
1636 1939 1805 1998 tenemenlo
1827 1947 1896 1995 oum
1917 1931 1999 2011 layo
2011 1927 2169 1994 sdieoeule
2182 1943 2250 1990 sun

417 2061 482 2126 suis
503 2057 697 2136 pertinenciis
720 2064 773 2118 out
794 2055 824 2118 iu
847 2053 948 2134 eliqua
971 2053 1107 2134 peroellu
1128 2052 1198 2118 inde
1218 2052 1257 2118 de
1278 2061 1380 2116 oetero
1402 2055 1534 2134 exigere,
1553 2052 1689 2116 demere
1710 2051 1757 2115 sel
1773 2049 1932 2114 venditore
1949 2051 2125 2128 poterimus,
2147 2054 2194 2112 set
2214 2047 2252 2110 eb

418 2178 501 2242 omni
524 2179 641 2241 notione
663 2176 738 2240 iuris
764 2182 793 2238 et
811 2173 923 2239 olemei
945 2171 1174 2240 iudetoleliter
1194 2175 1417 2250 imperpetuum
1440 2171 1536 2236 umus
1557 2169 1672 2234 meieni
1697 2185 1755 2248 per
1776 2177 1943 2248 presentes.
1987 2166 2021 2230 ln
2042 2167 2128 2230 ouius
2146 2169 2192 2228 rei
2205 2151 2254 2228 'te-

415 2295 591 2360 stimouium
613 2293 805 2372 presentibus
827 2291 963 2375 sigillum
984 2307 1086 2356 meum
1108 2293 1250 2371 opposui.
1294 2289 1403 2354 brim
1421 2288 1562 2354 imoon
1585 2287 1764 2354 duoieoimo
1785 2288 1836 2353 die
1855 2287 1939 2364 iulii,
1960 2287 2042 2351 dieto
2063 2300 2144 2349 euno
2165 2286 2252 2367 regni

417 2411 489 2478 oleti
511 2415 594 2496 regis
613 2411 736 2478 lieorioi
758 2411 887 2476 (lecim.

573 2525 616 2596 io
639 2526 760 2598 dorso:
791 2527 872 2594 istud
892 2528 1042 2608 scriplum
1070 2527 1182 2592 leolum
1208 2525 1266 2592 ime
1293 2535 1324 2590 et
1346 2527 1545 2592 inrotulolum
1570 2531 1603 2591 in
1632 2527 1781 2609 bostengo
1810 2525 1948 2590 innuen.
1976 2525 2015 2588 sle
2044 2523 2254 2588 communibus

418 2647 540 2724 planius
562 2653 645 2714 tento
667 2645 821 2725 nisime,
843 2646 982 2724 proxime
1004 2654 1074 2726 post
1094 2643 1205 2712 tessun
1227 2649 1323 2710 musti
1342 2645 1495 2710 Wulstuui
1517 2647 1673 2727 episoopi,
1697 2661 1777 2710 enno
1799 2650 1885 2728 regni
1906 2648 1989 2726 regis
2011 2643 2132 2708 ilenrioi
2153 2645 2253 2724 quarti

418 2773 488 2844 post
510 2773 707 2844 conquestum
731 2764 897 2830 vnieeimo.
1818 2733 1837 2768 ⁸
1914 2763 2101 2827 lierebeont

415 2986 491 3072 hl.
537 2989 618 3072 Dor
639 2987 831 3094 Capellae
862 2989 918 3068 W.
941 2991 1152 3093 Byeouilte,
1178 2995 1215 3072 J.
1237 2992 1427 3094 ulpium
1448 2991 1530 3070 seed
1549 2989 1596 3069 is
1623 2993 1743 3092 iiope
1761 2991 1997 3095 meropes
2016 2989 2095 3092 oses
2110 2989 2255 3070 Roberi

509 3137 740 3221 Otomborion
764 3141 849 3221 ibre
871 3141 1021 3221 Recito
1047 3144 1124 3247 uus
1142 3144 1206 3224 die
1229 3143 1519 3224 oorzuioboniou
1545 3141 1730 3222 ueououe
1753 3147 1794 3221 io
1816 3141 2001 3247 Dotopuio
2031 3141 2164 3220 Word.

1097 3295 1216 3398 1410,
1248 3293 1423 3376 mensor
1452 3295 1516 3374 25.
1537 3293 1572 3396 ¹)
2000 3311 2001 3314 ‘

570 3472 721 3542 Omnibus
743 3472 856 3540 (bristi
878 3475 1017 3545 fidelibus
1038 3477 1077 3541 ml
1098 3493 1177 3557 «pros
1198 3493 1325 3555 presens
1347 3478 1491 3556 seriptum
1514 3479 1702 3556 peruenerit,
1729 3493 1786 3541 uos
1807 3475 1992 3540 willielmus
2013 3475 2182 3556 byssum,
2204 3491 2254 3538 on-

417 3594 566 3673 pellauus,
588 3590 742 3658 lohannes
763 3592 924 3676 Brykelys‚
947 3599 1121 3674 pannonius,
1145 3604 1174 3659 et
1195 3594 1345 3660 Rubenius
1367 3593 1476 3675 Treys,
1506 3611 1677 3672 merserus,
1706 3596 1786 3658 cives
1807 3593 1962 3672 london„
1990 3593 2118 3658 sulutem
2141 3595 2172 3658 ln
2193 3593 2253 3658 ilo-

417 3715 500 3777 mino
522 3715 747 3792 sempiternum.
792 3710 902 3778 &iulis
924 3729 980 3777 uos
1002 3713 1137 3791 preietos
1167 3713 1371 3788 wilelmum,
1405 3713 1572 3777 iohanmm
1601 3721 1630 3777 et
1655 3711 1821 3776 imbertum
1849 3715 2017 3790 remisisse,
2050 3713 2204 3776 relaxasse
2226 3720 2254 3774 et

417 3831 542 3894 omuino
563 3829 602 3894 (ie
623 3831 711 3896 nobis
731 3837 762 3893 et
783 3831 944 3896 heredibus
967 3833 1078 3896 nostris
1100 3835 1131 3894 in
1154 3841 1333 3913 perpetuu·
1357 3835 1474 3910 numios
1496 3831 1645 3896 elenenses
1666 3831 1799 3896 lioberto
1822 3828 2018 3910 cisterno,
2041 3831 2204 3896 heredibus
2223 3839 2254 3894 ot

421 3950 583 4030 assignatis
604 3951 684 4026 suis,
714 3957 810 4014 totum
834 3951 880 4012 ius
903 3956 1040 4013 nostrum
1068 3957 1098 4014 el
1119 3949 1286 4027 sirmeum,
1315 3965 1373 4028 que
1404 3965 1536 4027 unquam
1565 3948 1743 4026 babuimus,
1777 3949 1924 4013 babemus
1950 3958 2003 4014 sul
2028 3953 2135 4031 quovis
2164 3949 2255 4015 morlo

420 4069 486 4128 iure
515 4064 562 4128 vel
589 4065 677 4129 titulo
705 4067 736 4128 in
763 4065 898 4130 loturum
925 4066 1037 4130 bebere
1063 4068 1247 4147 poterimus,
1276 4083 1330 4130 seu
1357 4065 1468 4145 aliquis
1497 4073 1632 4130 nostmm
1665 4066 1776 4130 bebere
1803 4071 1928 4146 poterit,
1958 4071 1989 4132 in
2012 4074 2102 4133 terris
2124 4078 2154 4132 et
2176 4078 2256 4132 leue·

419 4184 529 4248 mentis
551 4183 741 4276 subscriptis,
764 4199 833 4250 oum
855 4184 1001 4270 omuibus,
1018 4185 1082 4250 suis
1103 4185 1306 4270 pertinenciis,
1329 4185 1448 4253 sumetis
1467 4186 1500 4250 in
1523 4183 1631 4256 wortlu
1653 4183 1691 4252 de
1710 4185 1867 4269 bonogelo
1888 4188 1919 4252 iu
1940 4187 2087 4274 parocbia
2108 4185 2254 4258 Omnium

419 4299 601 4366 Suuolorum
623 4301 661 4364 od
684 4300 788 4364 lenum
810 4299 945 4378 bunion,
969 4305 998 4364 in
1022 4302 1165 4380 London;
1194 4302 1340 4382 videlicet,
1364 4335 1405 4348 —
1428 4304 1458 4365 in
1481 4303 1542 4368 illis
1566 4307 1654 4370 terris
1676 4311 1706 4372 et
1729 4308 1914 4383 tenementis,
1937 4321 2006 4370 oum
2028 4306 2171 4370 omnibus
2192 4310 2256 4370 suis

418 4421 627 4500 pertinenciis,
661 4420 781 4484 sinueris
809 4421 840 4483 iu
863 4417 1098 4501 liepwberilone
1120 4423 1150 4484 in
1172 4419 1319 4501 parochis
1340 4421 1492 4503 prediola,
1506 4420 1544 4499 ⁹]
1578 4422 1709 4500 scilieet,
1742 4423 1821 4486 iuter
1849 4424 1995 4488 venellam
2024 4426 2191 4505 predictum
2219 4443 2257 4489 ex

418 4545 506 4618 porto
527 4537 720 4615 ooeiieuuls,
743 4546 773 4605 el
794 4539 974 4606 oimileriuur
997 4539 1124 4604 eoeleste
1145 4539 1281 4620 proiiote
1300 4557 1340 4603 er
1362 4547 1449 4620 perte
1471 4539 1627 4618 orientali5
1647 4549 1680 4604 et
1699 4544 1854 4606 sinuntur
1874 4545 1904 4606 in
1921 4543 2079 4608 latitudine
2093 4547 2174 4609 inter
2187 4561 2256 4624 pre-

418 4657 531 4726 imum
553 4656 712 4728 eolesisro
734 4673 772 4724 es
794 4665 881 4736 peris
903 4657 1024 4736 boriull,
1047 4667 1077 4724 et
1098 4665 1297 4722 unumunurn
1310 4658 1456 4740 priorisse
1478 4667 1507 4723 et
1520 4659 1748 4726 moriellomsle
1761 4659 1945 4725 ilertioffln
1959 4666 2103 4726 oonltetu
2116 4661 2204 4740 liunt,
2219 4662 2256 4740 ³)

417 4791 455 4845 es
477 4785 563 4858 ports
586 4776 733 4856 umbuli3
754 4809 797 4826 -
819 4784 849 4843 et
870 4778 903 4844 is
923 4793 986 4843 uno
1008 4785 1179 4842 tenemento
1201 4793 1269 4842 urm
1292 4779 1356 4844 suis
1377 4780 1572 4860 perimite
1594 4787 1700 4844 seeum
1728 4781 1761 4844 ie
1781 4777 1915 4864 oense,
1949 4781 2062 4846 situsto
2082 4783 2112 4844 in
2133 4779 2257 4846 (loieir-

575 5077 600 5144 ¹)
626 5077 685 5132 Ans
703 5079 764 5132 iem
781 5080 906 5135 vidimus
925 5083 973 5135 ‹ies
992 5084 1162 5148 iisglstrstes
1181 5097 1213 5136 ru
1231 5085 1343 5136 London
1362 5098 1423 5138 rom
1440 5085 1520 5137 inbre
1541 5082 1615 5150 llis,
1633 5085 1740 5150 August
1759 5082 1799 5137 li.
1935 5084 1961 5151 ²)
1989 5085 2195 5153 iispnlruriene,
2214 5089 2256 5140 dle

417 5161 526 5214 niebsts
544 5160 630 5214 (lesse
648 5165 741 5217 intlleb
761 5180 812 5218 rou
830 5166 1082 5230 iit-lisllorrslsne,
1101 5181 1151 5220 ron
1172 5169 1263 5232 ilppsr
1276 5169 1392 5222 Tirones
1410 5170 1498 5224 street
1515 5183 1575 5224 zum
1593 5173 1658 5225 liert
1675 5172 1731 5235 lies
1750 5181 1782 5222 ιιι
1802 5170 1849 5221 ier
1866 5166 1982 5222 'ibemse
2000 5170 2056 5222 slob
2076 5172 2255 5224 erstreeiend.

418 5246 445 5313 ²)
472 5247 521 5299 ille
538 5246 846 5311 Anguillner-iionnen
864 5265 896 5303 ιιι
913 5252 1038 5304 liertiord
1055 5253 1082 5304 in
1100 5253 1178 5306 ileot
