4914 6254
397 521 484 604 134
718 519 827 616 narr,
853 522 915 594 run
940 481 980 592 c]
1010 562 1062 574 -
1094 520 1203 638 rnre,
1230 524 1375 599 neumae
1400 521 1459 597 rs,
1492 563 1544 575 -
1579 523 1688 620 nere,
1713 526 1803 620 April
1830 523 1888 596 1e.

397 821 575 912 (lxvii.
621 828 744 935 Ktoip
771 829 943 911 uocare
971 831 996 910 l
999 830 1037 910 V.
1077 832 1249 936 perettlrrt
1287 833 1362 913 dere
1392 833 1523 915 culter
1551 832 1780 937 Koufierctcn
1814 857 1887 914 core
1917 831 1994 913 'cler
2027 828 2224 912 mutarn

637 979 873 1064 subnodare
902 984 988 1064 llere
1016 984 1248 1092 Priot‘lepe'crc
1275 986 1343 1089 fttr
1373 992 1434 1067 circ
1462 987 1573 1068 latr.
1634 985 1748 1090 1n71,
1779 987 1862 1067 Jclt
1886 983 1924 1066 6.
1944 986 1980 1088 ¹)

549 1164 612 1238 Bis
638 1164 702 1250 ons
723 1164 776 1233 die
797 1163 930 1234 loireere
955 1164 1239 1256 ch'tbeetc'mmonp
1259 1167 1499 1257 pleiellcnteod
1519 1168 1579 1236 rsit
1605 1167 1676 1238 deoc
1697 1167 1917 1256 Prt'ot'lepr'nm
1941 1168 1999 1255 seir
2027 1167 2081 1235 elic
2106 1165 2225 1239 coteer

396 1303 471 1352 eom
490 1282 592 1354 loire
612 1281 735 1369 1470,
758 1282 931 1354 December
953 1281 1021 1369 29,
1045 1284 1097 1354 bei
1117 1284 1275 1374 Rymer,
1304 1287 1338 1356 T.
1358 1287 1391 1355 V.
1417 1287 1456 1356 P.
1476 1285 1525 1356 ΙΙ.
1545 1286 1688 1377 ρ.183,
1711 1288 1878 1364 coellet.-
1909 1289 2027 1356 dilectis
2049 1289 2224 1356 mercatori·

354 1413 357 1418 “
397 1406 456 1470 ltus
477 1407 603 1472 civitatis
625 1403 752 1472 Colonie
773 1408 804 1469 in
826 1405 1014 1483 Alemannis,
1036 1410 1089 1486 qui
1110 1406 1231 1486 habent,
1254 1417 1284 1474 et
1306 1410 1492 1492 temporibus
1516 1413 1672 1477 retroactis
1694 1411 1772 1476 inter
1792 1409 1871 1476 alios
1894 1417 2076 1474 mercatores
2098 1408 2136 1473 tle
2154 1407 2224 1472 lile·

397 1525 520 1590 mannis
541 1522 729 1602 habueruut,
765 1521 895 1592 domum
916 1522 953 1590 io
982 1523 1110 1592 sinitote
1134 1523 1283 1596 lenden.
1311 1545 1370 1608 que
1400 1525 1614 1596 Gotlcelette
1639 1525 1887 1596 Teutooieomm
1916 1528 2083 1612 vulgariter
2111 1543 2224 1592 nuncu·

399 1651 507 1722 petnr,
536 1642 620 1722 quod
649 1644 708 1724 ipsi
736 1651 919 1708 mercatores
946 1644 1082 1723 predicte
1108 1647 1235 1712 civitatis
1257 1643 1381 1712 Colonia
1411 1650 1551 1715 continue
1580 1664 1598 1712 a
1625 1646 1702 1712 leste
1724 1647 1840 1712 Pascite
1860 1649 2002 1727 proximo
2023 1645 2141 1722 llrluro,
2174 1663 2228 1726 per

399 1777 493 1827 unum
514 1778 625 1828 annum
646 1763 817 1842 proximem
840 1761 904 1848 (pt)
927 1763 1098 1830 immediate
1119 1774 1302 1846 sequentem,
1325 1783 1380 1848 per
1402 1775 1497 1832 totum
1519 1781 1647 1852 mum
1670 1776 1806 1834 nostrum
1828 1765 1948 1850 angue.
2069 1764 2160 1830 Teste
2181 1781 2228 1830 me

401 1883 479 1962 ipso,
501 1882 583 1961 apud
604 1877 916 1962 Weslmonasterinm,
940 1882 979 1958 Vl
1001 1883 1049 1948 elie
1068 1883 1152 1964 lulli,
1174 1901 1253 1948 anno
1276 1888 1362 1968 regni
1384 1890 1481 1954 nostri
1503 1886 1673 1952 undecimo.

551 2000 719 2066 Pertinere
741 1999 779 2064 de
801 2005 918 2082 privato
940 2002 1055 2088 sigillo,
1078 2012 1107 2068 et
1129 2001 1166 2066 cle
1188 2003 1259 2070 leta
1280 2004 1428 2085 predicta,
1450 2007 1628 2072 eucuntate
1649 2005 1850 2088 parliamenti.

1966 2121 2077 2187 ilerde,

403 2373 624 2472 cxviii„
647 2379 772 2487 Kinip
800 2381 971 2462 Edmcrd
1000 2383 1025 2462 1
1028 2382 1067 2462 V.
1104 2383 1275 2488 percle-t
1306 2383 1381 2465 rien
1413 2385 1544 2466 calcor
1572 2385 1802 2487 Konlleoteo
1831 2409 1903 2464 ooo
1933 2385 2004 2464 der
2036 2381 2232 2462 mittete

567 2659 568 2666 Ν
611 2560 660 2614 ee
688 2535 848 2616 norece
877 2536 961 2615 nee
990 2534 1222 2642 resuere
1248 2536 1316 2639 fo
1347 2544 1409 2619 ere
1437 2537 1547 2618 retr.
1608 2536 1726 2640 1472,
1757 2537 1932 2660 aeneae
1957 2535 2021 2617 18.

509 2709 512 2718 ’
562 2714 632 2785 Wr'e
653 2701 912 2804 eertepeteode
934 2714 997 2784 No.
1018 2713 1079 2784 CX
1087 2714 1163 2799 Vll,
1185 2716 1245 2786 mit
1268 2716 1339 2788 derce
1360 2715 1503 2786 Datum:
1530 2719 1620 2786 'leste
1642 2737 1690 2785 me
1712 2723 1791 2800 ipso,
1813 2719 1894 2799 apud
1916 2719 2230 2808 Westmpoasterium,

404 2833 496 2905 livill
518 2835 567 2899 die
587 2835 753 2915 Februarii,
776 2853 855 2901 anno
878 2838 963 2920 regni
985 2840 1081 2900 nostri
1103 2835 1272 2906 undecimo.

405 3121 565 3212 cxlx.
610 3129 732 3234 Klioe'p
755 3129 927 3210 Edward
948 3131 1014 3210 IV.
1039 3131 1344 3237 Gclcils-Bricf
1359 3134 1426 3237 fiir
1446 3123 1577 3237 Hercrp
1601 3131 1776 3238 Bentley.
1833 3134 1950 3236 1l72,
1981 3133 2094 3239 Apelt
2114 3128 2176 3212 16.
2193 3129 2231 3234 ⁹)

557 3311 738 3392 Edwardns,
761 3313 816 3378 Dei
837 3315 940 3398 gracia
963 3330 1017 3378 rex
1030 3313 1139 3398 Anglie
1161 3323 1190 3380 ct
1212 3315 1346 3396 Francia,
1368 3323 1398 3380 el
1416 3315 1555 3382 dominus
1566 3314 1719 3395 llilternie,
1741 3318 1886 3392 omnibus
1904 3317 2023 3392 bellicis
2045 3324 2074 3380 et
2095 3314 2233 3380 fidelibus

404 3432 477 3508 suis,
500 3430 540 3495 ad
561 3447 638 3512 quos
659 3440 813 3513 presentes
836 3432 921 3496 litere
942 3435 1142 3512 pervenerint,
1165 3434 1305 3498 salutem.
1346 3432 1455 3512 Sciatis
1477 3435 1558 3516 quod
1580 3436 1768 3515 suscepimus
1790 3439 1820 3502 io
1842 3437 2059 3518 protectionem
2082 3443 2111 3499 el
2133 3432 2233 3500 deien-

406 3555 521 3627 stonem
542 3559 678 3614 nostram
699 3550 860 3616 ilenricum
881 3550 1016 3634 Bentley,
1039 3568 1136 3633 nuper
1156 3552 1196 3616 (le
1215 3552 1361 3636 parochia
1383 3552 1420 3618 cle
1442 3552 1600 3636 Ellyslow
1623 3557 1654 3618 in
1676 3555 1820 3618 comitatu
1849 3600 1943 3631 .....
1958 3553 1995 3634 ³)
2023 3554 2100 3618 alias
2121 3552 2233 3619 dietum

405 3669 565 3734 Henricum
584 3669 719 3752 Bentley,
742 3687 838 3752 nuper
858 3671 896 3736 de
917 3672 1036 3735 civitate
1055 3669 1190 3736 London.
1212 3687 1331 3754 grener,
1353 3672 1430 3738 alias
1447 3671 1559 3738 dietum
1576 3672 1738 3738 ilenricum
1755 3671 1890 3754 Bentley,
1912 3689 2009 3752 nuper
2026 3671 2232 3748 deBrietowe,

405 3805 525 3870 procer,
547 3788 623 3870 elias
645 3789 757 3853 dictum
773 3787 934 3854 licerinum
958 3789 1091 3870 Bentley,
1114 3788 1281 3854 soltlarium
1304 3791 1373 3856 ville
1392 3788 1519 3870 Celeus,
1543 3810 1596 3858 seu
1618 3807 1809 3873 quocumque
1829 3791 1891 3857 alio
1914 3792 2035 3856 nomine
2057 3798 2215 3856 censeatur
2222 3807 2233 3866 ;

408 3909 476 3986 peri,
510 3909 540 3969 in
562 3907 707 3986 obsequio
729 3915 849 3986 nostro,
882 3909 912 3970 in
930 3887 1074 3973 ¹comitiva
1096 3908 1198 3972 dilecti
1220 3918 1249 3973 el
1271 3908 1368 3974 tidelis
1390 3912 1486 3975 nostri
1507 3910 1654 3976 iohannis
1676 3909 1802 3988 Trisle,
1835 3910 2017 3974 thesaurarii
2045 3917 2073 3972 et
2096 3907 2233 3974 ritellnrii

408 4025 476 4090 ville
498 4035 527 4088 et
549 4025 682 4092 meronie
704 4033 875 4092 nostrarum
898 4023 1031 4106 Calesie,
1065 4045 1156 4110 super
1177 4029 1261 4092 salva
1283 4029 1437 4106 custodia,
1471 4027 1645 4094 defensione
1673 4047 1709 4094 ec
1737 4029 1926 4096 vitellaoione
1953 4027 2023 4092 ville
2050 4036 2080 4093 et
2101 4028 2234 4092 marchio

408 4144 610 4225 predictarum
634 4151 784 4226 moratum
807 4153 837 4210 et
857 4144 1009 4226 homines,
1033 4155 1147 4225 terras,
1171 4165 1234 4224 res,
1257 4146 1392 4227 redditus
1413 4155 1445 4211 et
1463 4163 1568 4213 omnes
1589 4149 1795 4229 possessiones
1817 4149 1912 4230 ipsius
1934 4147 2064 4212 llenrici.
2109 4147 2146 4210 Et
2168 4145 2234 4212 ieleo

408 4263 492 4328 robis
514 4263 704 4346 mandamns,
726 4265 808 4344 quod
830 4266 930 4348 ipsum
952 4264 1130 4344 ilenrieum,
1164 4265 1319 4344 homines,
1350 4275 1463 4348 terras,
1493 4283 1559 4344 res,
1594 4265 1730 4335 redditus
1753 4273 1781 4332 et
1808 4282 1913 4332 omnes
1933 4270 2143 4348 possessiones
2165 4281 2235 4330 suas

408 4385 642 4464 manuteneatis,
664 4385 830 4472 protegatis
852 4392 881 4448 ct
902 4381 1088 4462 defendatis3
1118 4401 1179 4450 non
1201 4383 1363 4451 inferentes
1384 4387 1428 4466 eis
1451 4385 1498 4452 vei
1519 4385 1624 4450 inferri
1645 4386 1851 4467 permittentes
1873 4387 2030 4462 iniuriam,
2054 4384 2233 4459 molestiam,

409 4502 574 4582 dampnum
596 4511 647 4566 aut
668 4517 853 4584 grauamen:
876 4509 914 4582 et,
937 4503 962 4566 si
985 4503 1058 4582 quid
1079 4507 1123 4568 eis
1145 4503 1333 4570 forisfactum
1355 4503 1462 4583 luerit,
1484 4505 1515 4570 id
1537 4507 1581 4571 cis
1602 4509 1668 4571 sine
1689 4504 1833 4572 lilauone
1855 4504 1972 4570 inciam
1995 4504 2160 4588 emendari.
2201 4501 2234 4566 ln

410 4623 495 4685 cuius
517 4624 560 4686 rei
582 4622 782 4688 testimonium
805 4621 861 4686 lias
883 4619 987 4685 literas
1009 4629 1128 4710 nostras
1150 4623 1215 4688 lieri
1237 4621 1363 4688 lecimus
1384 4632 1532 4703 patentes,
1555 4641 1725 4706 perunum
1743 4641 1857 4689 annum
1870 4624 2044 4690 duraturas.
2088 4623 2236 4689 Volumus

411 4741 521 4818 eciam,
554 4739 635 4818 quod
658 4739 736 4804 idem
758 4739 905 4807 ilenricns
927 4740 1046 4804 interim
1068 4742 1108 4805 sit
1129 4744 1247 4820 quietus
1268 4742 1306 4808 (le
1333 4744 1473 4810 omnibns
1502 4743 1622 4825 placitis
1652 4751 1682 4808 et
1707 4742 1837 4824 querelis
1843 4763 1855 4822 3
1888 4745 2021 4825 exeeptis
2049 4742 2171 4824 placitis
2198 4742 2237 4807 de

569 5043 592 5106 ¹)
620 5043 768 5096 essetnec
786 5045 945 5110 namturper
961 5045 1104 5100 Abseirllt.

566 5145 592 5210 ²)
618 5143 677 5198 Ans
695 5147 767 5200 einer
785 5149 943 5213 huenburger
960 5141 1107 5202 Aeschrio.
1271 5150 1296 5216 ³)
1324 5150 1465 5219 Ellestpne
1483 5152 1510 5202 in
1529 5152 1576 5204 cler
1594 5151 1744 5206 ucetiensis
1762 5152 1907 5218 Gloeester,
1925 5153 1990 5210 oder
2006 5153 2156 5217 litlystorre
2173 5153 2239 5207 oder

413 5229 562 5282 Einestore
580 5231 606 5282 in
624 5230 747 5284 licitere.
