4914 6254
778 573 887 672 maa,
913 576 1058 650 reims
1084 575 1143 650 aa.
1168 613 1220 628 -
1246 573 1356 670 arao,
1383 577 1471 672 apro
1498 574 1557 647 aa.
2029 583 2086 665 57

244 883 451 968 erXVI.
497 884 621 990 Kdoig
640 884 771 986 Heorg
798 881 856 962 Vi.
881 908 934 962 oa
959 883 1023 963 dic
1046 883 1233 964 derriscbe
1252 883 1401 984 Haase,
1434 881 1650 986 belreffead
1670 885 1840 990 rihholfo
1866 888 1936 968 dor
1960 887 2082 969 dorcb

318 1041 403 1120 ibae
430 1037 657 1120 Gcaoodtca
682 1035 744 1117 bei
764 1035 842 1116 tim
864 1035 1171 1140 oorpebroebteo
1191 1036 1486 1117 Beoobvoordea.
1547 1035 1665 1140 1435,
1696 1037 1872 1120 Febronr
1894 1041 1955 1120 12.
1975 1041 2012 1144 ¹)

368 1225 371 1232 ·
397 1221 554 1298 lleuricus,
578 1219 632 1284 liei
653 1220 758 1301 gracia
781 1233 835 1282 rex
856 1215 966 1300 anglie
987 1227 1017 1285 et
1038 1217 1164 1282 irancie
1185 1226 1215 1282 et
1235 1218 1377 1285 domiuus
1399 1215 1558 1294 llibemie,
1594 1218 1748 1284 nobdibus
1775 1229 1806 1283 et
1834 1224 1966 1304 egregiis
1995 1225 2080 1300 viris,

245 1339 481 1420 proconsulibus
502 1347 532 1402 et
552 1337 738 1413 consulibus,
760 1336 878 1402 uuncds
900 1335 981 1416 (et)
1003 1336 1216 1402 consularibus
1237 1337 1444 1402 communium
1466 1336 1620 1403 civitatum
1642 1336 1744 1402 Harae
1766 1337 1946 1418 Teutonico,
1973 1345 2081 1406 amicis
2131 1341 2144 1368 ⁶

247 1457 359 1521 uostris
381 1456 573 1536 predilectis,
607 1456 736 1520 salutem
757 1462 787 1520 et
808 1455 906 1518 intimi
927 1458 1042 1520 amoris
1063 1461 1239 1520 continuum
1262 1459 1490 1520 incrementum.
1540 1454 1664 1520 Nobiles
1686 1465 1717 1520 et
1742 1462 1857 1542 egregii
1885 1460 1957 1537 riri,
1990 1463 2081 1527 amici

244 1579 340 1640 nostri
362 1573 529 1654 predilecti,
552 1581 623 1656 post
638 1572 799 1638 adventum
816 1571 1070 1638 ambassiatorem
1091 1579 1276 1637 vestrorum:
1299 1571 1466 1636 liverbardi
1480 1570 1662 1651 llardeoust,
1683 1573 1829 1640 lobannis
1841 1575 2079 1664 lllingbenbcrg,

244 1691 360 1756 lliurici
381 1691 495 1774 lloiger
514 1700 544 1756 et
566 1690 679 1755 Hinmci
700 1690 832 1769 Vorrad,
859 1705 937 1769 quos
957 1691 1077 1770 pridem
1099 1689 1137 1754 ad
1161 1707 1217 1756 nos
1239 1693 1269 1753 in
1292 1705 1420 1772 regnum
1442 1699 1578 1754 uosuum
1603 1691 1711 1776 Anglie
1734 1697 1954 1775 transmisistis,
1977 1698 2080 1763 nobis-

244 1827 304 1890 que
325 1827 381 1888 per
402 1812 487 1890 ipsos
509 1813 645 1890 exposita
666 1812 860 1892 gravamina,
893 1809 1056 1890 inquibus
1079 1826 1132 1873 vos
1159 1816 1189 1872 et
1216 1817 1360 1873 vestrates
1389 1807 1622 1887 dampnificatos
1649 1819 1678 1874 et
1706 1813 1785 1876 lesos
1815 1811 1908 1882 luisse
1935 1817 2080 1882 seriosius

245 1931 431 2005 intimarunt,
455 1935 483 1990 ct
504 1926 542 1990 de
564 1927 673 2005 quibus
695 1926 862 1992 remedium
884 1943 904 1990 a
925 1929 1014 1992 nobis
1035 1904 1187 2007 petierunt
1215 1934 1416 2006 oportunum,
1451 1935 1520 1992 ante
1550 1929 1640 1994 liuale
1668 1933 1712 1994 eis
1738 1947 1920 2010 responsum
1946 1949 2002 2011 per
2023 1947 2079 1998 nos

244 2046 348 2112 datum
370 2061 569 2125 supervenere
592 2052 776 2110 mercatores
797 2044 936 2108 nonnulli
958 2054 988 2110 ct
1009 2044 1063 2110 alii
1084 2043 1198 2112 subditi
1220 2049 1315 2108 nostri
1339 2047 1424 2128 regui
1446 2042 1572 2128 anglie,
1603 2051 1655 2126 qui
1678 2053 1708 2110 iu
1730 2049 1821 2112 rebus
1842 2049 1983 2130 plurimis
2005 2065 2078 2115 sea

243 2167 421 2232 vestratibus
450 2167 615 2230 enormiter
643 2161 737 2228 luisse
763 2163 845 2227 lesos
872 2163 1102 2230 lacrimabiliter
1123 2167 1280 2243 conquesti
1301 2170 1388 2240 suut,
1421 2165 1473 2241 qui
1496 2167 1591 2228 eciam
1614 2173 1748 2231 uosuam
1771 2170 1957 2232 maiestatem
1979 2171 2080 2250 requi·

242 2284 481 2362 redentricis
508 2281 669 2362 providere
695 2282 894 2364 dignaremur
922 2281 1057 2348 remedio
1086 2289 1191 2346 contra
1220 2283 1347 2346 iniurias
1374 2267 1418 2344 eis
1444 2297 1462 2345 a
1489 2284 1669 2348 vestratibus
1697 2283 1798 2349 illatas
1827 2285 1965 2351 salutari.
2017 2287 2079 2352 Nos

244 2407 361 2482 itaque,
395 2405 447 2480 qui
470 2401 677 2464 amiciciarum
700 2397 803 2464 ludera
825 2403 905 2466 inter
928 2415 984 2465 uos
1005 2407 1186 2478 nostrosque
1207 2398 1345 2464 subditos
1376 2407 1404 2461 et
1426 2414 1480 2462 vos
1508 2417 1544 2462 ac
1570 2405 1739 2479 patriarum
1766 2411 1933 2468 vestrarum
1962 2405 2078 2469 incolas

241 2521 358 2586 illibata
381 2528 412 2584 et
432 2518 575 2585 inviolata
598 2522 712 2584 servari
734 2517 919 2596 allectamus,
942 2535 997 2584 neo
1019 2519 1057 2583 ab
1080 2521 1123 2582 eis
1145 2517 1314 2582 voluntarie
1336 2515 1487 2582 declinare
1509 2525 1650 2598 optamus
1656 2537 1668 2596 ;
1702 2521 1850 2598 volentes,
1879 2531 2025 2601 quantum
2048 2526 2079 2586 in

242 2640 331 2702 uobis
353 2646 416 2715 est,
450 2645 484 2700 ut
505 2641 583 2701 iuter
605 2653 661 2700 uos
682 2653 744 2717 pax
765 2654 836 2702 vera
865 2640 1044 2719 integraque
1071 2645 1100 2700 et
1125 2634 1260 2716 perlecta
1287 2643 1462 2716 perseueret
1490 2639 1645 2714 amicicia,
1678 2639 1716 2701 de
1744 2641 1929 2704 avisamenta
1958 2641 2080 2705 concilii

241 2761 338 2821 nostri
360 2755 567 2836 imposuimus
589 2763 688 2820 certos
710 2756 946 2822 ambassiatores
968 2762 1086 2820 nosnos
1108 2754 1148 2818 ad
1175 2753 1300 2835 opidum
1321 2753 1476 2836 Brugeuse
1502 2755 1534 2818 iu
1556 2753 1699 2820 Flaudria
1726 2773 1799 2840 erga
1821 2765 1945 2822 octavas
1967 2757 2079 2839 pasche

239 2879 379 2954 proxime
400 2873 518 2940 tirturas
540 2874 711 2952 destinare
741 2876 793 2952 qui
815 2873 853 2938 de
875 2882 979 2938 nostra
1001 2875 1171 2938 intencione
1192 2873 1313 2952 plenius
1334 2875 1491 2949 instructi,
1519 2873 1669 2952 plenaque
1691 2883 1839 2952 potestate
1861 2874 1974 2954 fulciti,
2008 2893 2077 2942 oum

240 2995 347 3059 vestris
369 2992 423 3057 illo
445 2991 598 3058 mittendis
620 2999 649 3054 et
669 3001 820 3071 potestate
840 2993 991 3058 consimili
1012 2990 1172 3058 lulciendis
1193 2998 1339 3070 uariare,
1356 2998 1564 3074 apponctuare
1581 2999 1611 3056 et
1627 2992 1808 3058 concludere
1825 2993 1962 3072 debeant,
1985 3010 2078 3074 super

240 3111 380 3175 omnibus
402 3118 432 3174 et
453 3110 583 3194 singulis
604 3113 754 3190 premissa
775 3111 916 3190 quereias
939 3119 968 3176 et
989 3113 1166 3194 gravamina
1189 3110 1458 3186 concernentibus,
1487 3109 1652 3175 secuudum
1676 3112 1757 3190 quod
1780 3113 1897 3178 iusticie
1920 3117 2076 3178 convenit:

241 3229 346 3290 scituri
368 3225 450 3306 quod
473 3231 504 3291 iu
525 3227 740 3293 observacione
762 3229 934 3296 libertatum
958 3237 988 3292 et
1014 3228 1243 3311 privilegiorum
1273 3228 1453 3292 vestratibus
1479 3229 1510 3293 iu
1540 3245 1636 3312 regno
1658 3237 1762 3296 nostro
1785 3229 1893 3312 anglie
1914 3232 1972 3310 (ut
1994 3247 2077 3296 assa·

240 3344 329 3422 ritis)
353 3359 577 3422 concessorum,
600 3344 691 3408 talem
713 3345 859 3410 iaciemus
881 3345 1016 3426 impendi
1037 3345 1183 3422 favorem,
1205 3344 1328 3422 qualem
1350 3353 1380 3408 et
1402 3361 1455 3410 vos
1477 3363 1555 3426 equa
1577 3347 1664 3410 lance
1686 3351 1826 3411 astrictos
1848 3347 1930 3426 apud
1952 3365 2006 3412 vos
2020 3365 2076 3413 no-

239 3462 385 3526 stratibus
407 3461 582 3542 impendere
603 3463 778 3526 sentiemus.
811 3461 934 3528 Nobiles
956 3470 986 3525 et
1007 3465 1122 3544 egregii
1145 3463 1212 3538 viri,
1235 3464 1325 3526 amici
1347 3465 1443 3526 nostri
1464 3463 1634 3543 predilecti,
1657 3480 1711 3527 vos
1733 3464 2075 3533 conserverlirissimus

239 3587 378 3658 tempora
400 3595 456 3658 per
477 3578 618 3662 longeva.
663 3579 773 3646 ilatum
794 3582 851 3644 sub
872 3585 1117 3660 privatouostro
1140 3578 1253 3661 sigilo,
1276 3577 1360 3660 apud
1380 3580 1532 3661 palacium
1555 3589 1691 3646 nostrum
1705 3580 1977 3662 westmonasterii,
2000 3583 2075 3651 duo·
2123 3557 2125 3564 Α

238 3697 356 3762 decimo
379 3697 427 3760 die
449 3695 615 3775 Februarii,
639 3714 720 3762 auno
742 3702 829 3780 regui
851 3702 947 3766 nostri
971 3701 1063 3763 tercio
1085 3697 1214 3761 decimo.

237 3918 465 4002 mxxvii.
510 3922 634 4027 Kdov‘p
664 3923 793 4024 Herem
826 3923 884 4004 VI.
917 3924 1028 4006 ludet
1059 3924 1123 4003 die
1153 3923 1390 4006 boomeobeo
1413 3924 1712 4028 Abqeordnetou
1741 3951 1790 4006 aa
1819 3926 1978 4033 Brttppe
2006 3955 2075 4011 aru
2212 4015 2217 4026 ,

357 4073 614 4179 licrvsevaoep
645 4076 716 4155 dor
753 4075 1075 4180 Verboodbvrvqoo
1103 4075 1208 4156 cocle
1241 4075 1379 4156 catate
1410 4078 1505 4157 oder
1533 4077 1638 4158 norb
1667 4078 1851 4183 ldrrplond
1881 4087 1953 4161 oio.

950 4225 1071 4330 1436,
1103 4227 1216 4335 April
1236 4227 1301 4308 22.
1321 4226 1358 4330 ⁶)

389 4405 546 4482 llenmcus,
569 4405 623 4471 oei
644 4411 749 4490 gracia
773 4425 827 4472 rea
849 4407 959 4492 Anglie
980 4418 1010 4473 et
1023 4410 1148 4474 Francia
1170 4417 1199 4474 et
1220 4407 1523 4490 dominusllibemre,
1546 4411 1775 4478 honorabilibus
1798 4422 1827 4476 et
1848 4414 1978 4498 egregiis
1991 4414 2073 4490 viris,

237 4527 347 4591 nobilis
370 4535 399 4590 et
420 4525 573 4608 magnifici
596 4526 650 4588 viri
673 4525 759 4589 Pauli
781 4526 818 4590 de
831 4525 1015 4607 llussedorli,
1039 4527 1155 4592 ordinis
1177 4527 1264 4592 beate
1279 4525 1731 4595 Mariclberosolomitanorum
1754 4531 1892 4614 magistri
1910 4531 2073 4613 generalis,

236 4663 272 4709 ac
293 4643 530 4724 proconsulum,
553 4642 727 4722 consulum,
750 4647 929 4709 nunciorum
952 4662 989 4708 ac
1009 4645 1215 4709 consularium
1238 4647 1443 4710 communium
1466 4648 1620 4711 civitatum
1640 4645 1739 4712 llanse
1761 4645 1930 4712 theutonice
1952 4649 2073 4715 ambas-

235 4765 410 4844 siaton'bus,
432 4765 465 4826 in
487 4760 579 4842 opido
596 4759 764 4845 Bruggensi
786 4765 818 4826 in
833 4764 1060 4845 presenciarum
1076 4763 1283 4842 existentibus,
1306 4765 1394 4829 nobis
1409 4768 1526 4828 sincere
1542 4763 1669 4841 dilectis,
1691 4765 1830 4830 salutem.
1873 4764 2073 4832 llonorabiles

236 4891 265 4946 et
287 4883 402 4966 egregii
425 4883 492 4962 viri,
515 4885 605 4946 amici
627 4882 723 4946 nostri
746 4884 777 4944 in
795 4881 924 4947 Domino
946 4882 1063 4947 sincere
1084 4881 1196 4948 ddecb.
1240 4882 1312 4948 Post
1329 4890 1535 4961 apponctuate
1551 4880 1630 4948 diets
1643 4885 1854 4962 iutermstros
1868 4891 1897 4948 ct
1910 4885 2073 4966 dictorum,

394 5148 417 5212 ¹)
444 5150 503 5202 Aua
522 5152 595 5203 einer
613 5152 684 5204 alten
701 5149 839 5206 Absobrilt
857 5167 889 5204 aa
907 5153 1053 5216 llambarg.

392 5247 418 5314 ²)
445 5250 503 5302 Ans
522 5253 594 5304 einer
613 5253 683 5305 alten
701 5251 839 5306 Abscidit
855 5267 888 5307 au
906 5253 1053 5316 llamburg.
1184 5315 1189 5322 ⁸

303 5383 468 5448 anrueiiong
481 5385 516 5436 ll.
