4914 6254
1010 572 1288 669 laudisona
1317 572 1374 644 12.
2043 573 2100 654 69

256 865 400 948 llybouse
421 869 452 928 et
472 862 618 929 celarium
640 876 708 928 corn
731 861 925 941 pertinenciis
945 869 1015 942 post
1037 869 1166 925 mortem
1187 859 1315 941 predicti
1337 859 1461 924 liicardi
1478 859 1633 924 lledclord
1656 861 1785 944 ingrcssi
1807 859 1928 926 luerunt
1951 868 1980 924 et
2001 862 2100 926 exitus

257 993 286 1048 ct
311 982 453 1062 prolicua
482 981 552 1046 indc
581 998 599 1044 a
626 989 763 1062 tempore
790 982 896 1045 mortis
926 978 1054 1058 predicti
1083 979 1204 1044 liicardi
1234 977 1389 1043 lledclord
1418 978 1571 1058 bucrsquc
1604 981 1818 1058 prouenientcs
1844 987 2045 1060 perceperunt
2071 987 2101 1042 et

260 1102 440 1182 babuerunt,
464 1101 589 1165 licencia
612 1101 694 1182 regis
715 1098 785 1162 inde
803 1115 862 1162 non
882 1105 1015 1177 optenta,
1039 1101 1070 1160 in
1087 1099 1181 1162 nostri
1198 1105 1414 1178 contemptum,
1438 1097 1603 1176 dampnum
1626 1113 1686 1162 non
1709 1097 1861 1164 modicum
1884 1106 1913 1162 ct
1935 1100 2100 1161 iacturamt

260 1235 315 1284 nos
337 1217 512 1284 huiusmodi
533 1217 698 1299 dampnum
719 1231 884 1296 precauerc
905 1224 934 1281 et
954 1217 992 1280 dc
1019 1217 1192 1282 uniusmodi
1218 1217 1349 1281 exitibus
1376 1225 1405 1280 ct
1435 1217 1580 1295 proficuis
1608 1217 1792 1296 respondere
1821 1217 1973 1294 volentes,
2003 1224 2034 1278 vt
2055 1224 2101 1279 est

257 1341 384 1415 iustum,
414 1335 500 1400 robis
522 1337 725 1417 precipimus,
754 1335 836 1416 quod
864 1351 921 1415 per
947 1344 1170 1399 sacramentnm
1198 1336 1365 1416 proborum
1392 1343 1421 1398 et
1448 1335 1592 1418 legalium
1624 1335 1781 1400 bominum
1804 1335 1841 1399 dc
1862 1333 1977 1399 balliua
2000 1342 2099 1398 vestra

259 1456 420 1539 diligenter
440 1457 612 1534 inquiratis,
643 1454 752 1534 quibus
774 1453 824 1517 die
846 1461 875 1518 et
896 1469 976 1516 anno
999 1455 1152 1534 predictus
1175 1453 1323 1519 llicardus
1346 1452 1501 1518 lledelord
1523 1454 1608 1532 obiit,
1631 1463 1661 1517 et
1683 1456 1751 1533 quis
1772 1451 1819 1516 rel
1841 1457 1892 1532 qui
1915 1453 2099 1528 mansiones,

258 1575 286 1638 lc
303 1574 445 1654 bybouse
467 1580 497 1636 ct
518 1572 663 1638 celarium
686 1571 821 1652 predicta
844 1586 913 1635 cum
936 1573 1130 1652 pertinenciis
1152 1589 1170 1635 a
1193 1581 1331 1653 tempore
1353 1575 1458 1636 mortis
1479 1571 1607 1653 predicti
1626 1571 1748 1636 Ricardi
1766 1569 1923 1635 lledclord
1944 1570 2100 1650 bucusque

258 1696 421 1772 occupauit
442 1693 487 1756 rel
511 1698 698 1772 occuparunt
720 1699 749 1754 et
770 1691 868 1754 exitus
889 1697 919 1753 et
940 1690 1077 1772 prolicua
1099 1690 1168 1755 inde
1190 1695 1403 1770 prouenientcs
1425 1692 1560 1770 percepit
1582 1699 1611 1755 et
1633 1691 1739 1754 babuit
1768 1705 1821 1754 scu
1847 1697 2048 1770 perceperunt
2070 1696 2100 1750 ct

257 1811 438 1875 babuerunt.
473 1811 509 1874 lit
530 1825 634 1874 omnes
657 1808 737 1885 illos,
760 1823 837 1886 quos
858 1799 1059 1889 occupatores
1081 1807 1150 1872 inde
1172 1810 1359 1888 inueneritis,
1383 1810 1485 1873 tenire
1506 1807 1625 1872 faciatis
1644 1825 1748 1872 coram
1769 1808 1934 1872 baronibus
1956 1806 1995 1871 de
2016 1823 2100 1870 scao-

257 1931 340 1994 cario
364 1937 467 1994 nostro
490 1928 571 2008 apud
588 1926 891 1992 Westmonasterinm
913 1929 944 1989 io
963 1931 1097 1991 crastino
1116 1929 1213 1991 sancti
1230 1927 1348 1992 llillarii
1371 1928 1409 1991 ad
1429 1927 1614 1991 reddendum
1633 1929 1721 1992 nobis
1739 1935 1915 2006 computum
1933 1925 2098 2006 separatim

257 2048 295 2110 de
306 2048 435 2112 exitibus
452 2055 482 2110 ct
497 2046 642 2127 predonis
657 2047 807 2108 dictarum
819 2045 1021 2122 mansionum,
1038 2045 1066 2110 le
1078 2044 1223 2127 'prouse
1242 2053 1270 2109 ct
1281 2046 1386 2110 colarii
1397 2061 1467 2110 cum
1478 2046 1676 2125 pertinentiis,
1695 2045 1831 2110 videlicet
1849 2044 1886 2108 dc
1899 2042 2097 2123 temporibus,

257 2166 367 2245 quibus
388 2167 446 2244 ipsi
469 2165 574 2229 eadem
597 2166 786 2242 mansiones,
816 2163 845 2226 le
867 2162 1010 2243 liybousc
1038 2173 1068 2228 ct
1089 2164 1234 2229 celarium
1265 2181 1333 2228 cum
1363 2164 1582 2244 pertinentibus
1610 2165 1654 2226 sic
1681 2171 1870 2243 occuparunt
1899 2171 1929 2226 et
1950 2165 2048 2225 exitus
2070 2168 2099 2223 et

256 2262 492 2366 prolicua'inde
520 2285 732 2366 prouenientes
759 2291 959 2362 percepcmnt
987 2291 1017 2346 et
1043 2283 1213 2348 babuerunt
1238 2293 1268 2348 et
1289 2291 1464 2363 computum
1488 2281 1556 2346 iude
1578 2282 1711 2346 nondum
1734 2281 1941 2346 reddiderunt.
1984 2280 2022 2344 Et
2044 2295 2100 2358 per

255 2411 478 2468 sacramentum
501 2401 675 2466 eorumdem
698 2401 865 2482 proborum
888 2407 918 2464 et
940 2401 1083 2485 legalium
1102 2403 1257 2466 bominum
1281 2401 1419 2465 dedicta
1442 2401 1556 2465 balliua
1580 2409 1679 2465 vestra
1701 2403 1885 2476 mansiones,
1910 2401 1938 2462 le
1955 2398 2099 2479 Dybouse

257 2530 287 2585 ct
309 2521 455 2586 celarium
482 2519 618 2599 predicta
646 2537 714 2583 cum
744 2519 931 2601 pertinentiis
954 2517 1082 2584 tldcliter
1108 2519 1228 2584 extendi
1250 2519 1384 2597 iacietis,
1414 2519 1486 2600 qnid
1510 2518 1646 2584 videlicet
1673 2529 1704 2583 ct
1728 2529 1874 2599 quantum
1896 2517 2015 2582 valcant
2042 2533 2097 2598 per

254 2653 367 2703 anuum
393 2639 583 2714 parcellatim
611 2639 643 2700 in
666 2639 806 2702 omnibus
837 2637 966 2700 exitibus
988 2643 1052 2702 suis
1073 2643 1157 2704 iuxta
1178 2655 1283 2703 verum
1305 2639 1439 2704 valorem
1462 2639 1637 2702 eommdem
1660 2639 1737 2702 vltra
1760 2639 1905 2719 rcprisas.
1949 2636 1994 2700 lta
2016 2635 2099 2715 quod

254 2757 487 2836 inquisicionem
509 2765 539 2820 ct
559 2763 708 2820 extentam
728 2753 917 2819 indecoram
938 2757 1023 2820 robis
1042 2757 1181 2822 distincte
1203 2765 1232 2820 et
1253 2765 1357 2836 aperte
1379 2765 1484 2837 captas
1505 2757 1642 2822 babeatis
1664 2774 1768 2823 coram
1789 2756 1916 2838 prelatis
1933 2756 2100 2820 baronibus

255 2877 386 2952 nostris,
408 2875 448 2939 ad
470 2875 549 2940 diem
572 2883 601 2938 et
623 2875 723 2940 locum
745 2873 915 2953 predictos,
944 2875 1000 2938 sub
1023 2875 1133 2957 sigillis
1155 2879 1263 2940 vestris
1285 2884 1314 2939 ct
1335 2875 1445 2958 sigillis
1467 2889 1589 2955 eorum,
1618 2893 1675 2955 per
1696 2893 1772 2957 quos
1794 2875 1873 2940 lacte
1894 2875 2016 2940 luerint.
2062 2873 2100 2938 llt

254 2996 376 3058 interim
399 2999 590 3072 mansiones,
613 2993 643 3058 le
665 2991 809 3074 Dybouse
830 3001 860 3056 et
881 2992 1026 3056 celarium
1048 2992 1184 3074 predicta
1206 3009 1275 3058 cnm
1298 2995 1487 3072 pertinentiis
1509 2996 1636 3075 capiatis
1657 2996 1689 3058 in
1712 3010 1835 3059 manum
1858 3003 1988 3058 vestram
2010 3001 2041 3056 et
2061 3008 2097 3056 ca

254 3114 342 3176 saluo
366 3113 558 3190 custodiatis,
583 3115 624 3176 ita
647 3111 729 3192 quod
751 3112 790 3175 dc
811 3113 941 3176 exitibus
963 3121 992 3174 at
1013 3111 1158 3193 proficuis
1180 3111 1250 3176 inda
1271 3114 1520 3192 proueniuntibus
1544 3114 1630 3178 nobis
1653 3112 1863 3193 respondatis,
1894 3112 1991 3176 donec
2014 3109 2097 3174 alind

255 3229 325 3292 inde
348 3229 433 3293 robis
454 3231 699 3311 prompsimus,
727 3239 757 3293 et
783 3239 922 3294 constare
944 3229 1063 3295 faciatis
1084 3230 1210 3310 pretatis
1239 3232 1404 3296 baronibus
1433 3234 1544 3297 nostris
1572 3241 1644 3296 tunc
1672 3231 1785 3296 ibidem
1812 3231 1850 3294 dc
1877 3231 1926 3294 die
1948 3230 2096 3308 captionis

256 3347 432 3412 eorumdem
454 3350 485 3411 in
508 3364 631 3412 manum
654 3356 800 3412 nostram.
844 3348 882 3410 tit
904 3348 1041 3412 habeatis
1063 3350 1105 3412 ibi
1133 3358 1202 3412 tuno
1231 3353 1354 3413 nomina
1380 3361 1598 3429 occupatorum
1625 3350 1831 3428 predictorum
1860 3357 1890 3410 et
1912 3349 1969 3411 boc
1992 3347 2096 3410 breue.

254 3463 345 3530 Teste
366 3474 441 3542 etc,
463 3463 542 3529 xvi.
565 3464 614 3528 die
636 3464 835 3544 Nouembris,
863 3481 944 3529 auno
967 3467 1053 3548 regni
1075 3468 1170 3528 nostri
1193 3467 1335 3528 vicesimo
1358 3469 1469 3544 primo.
1514 3468 1570 3531 Pre
1592 3467 1741 3550 originale
1763 3467 1801 3530 de
1827 3481 1908 3530 auno
1931 3464 1989 3528 llll
2015 3466 2096 3546 regis

253 3583 375 3649 llicardi
398 3582 522 3648 secundi
544 3583 647 3646 rotulo
668 3581 796 3645 XXVll⁰
821 3591 851 3646 et
871 3599 928 3664 por
949 3584 1089 3648 barones.
1799 3581 1890 3649 Certi.

407 3699 512 3766 Cesset
533 3701 592 3764 boc
609 3700 700 3764 breue
717 3717 765 3779 co,
788 3703 870 3780 quod
893 3701 1036 3766 indicium
1054 3718 1158 3766 versus
1176 3701 1403 3782 infrascriptum
1419 3705 1589 3769 lobannem
1606 3704 1815 3782 Norbampton
1831 3720 1930 3785 nuper
1945 3702 2096 3768 redditum

252 3829 427 3886 reuocatum
449 3827 480 3883 et
497 3819 687 3884 adnullatum
710 3818 776 3898 ibit,
800 3822 877 3886 sicut
893 3821 1063 3885 continetur
1078 3825 1109 3884 in
1132 3821 1329 3887 memorando
1351 3823 1389 3886 de
1412 3840 1491 3888 anno
1506 3825 1647 3888 vicesimo
1663 3825 1745 3905 regis
1767 3839 1845 3886 nunc
1869 3826 1947 3886 inter
1967 3821 2096 3886 recorda

253 3941 291 4006 de
315 3941 442 4004 tarrnino
464 3944 567 4004 sancte
588 3937 755 4016 Trinitatis,
778 3941 879 4004 rotulo
900 3941 1011 4020 primo.
1028 3939 1062 4018 ¹)

251 4193 525 4278 LXXXVII.
571 4199 695 4303 Kbor'p
724 4197 909 4280 decoci
938 4199 997 4279 Vt.
1028 4200 1212 4306 Recoript
1244 4227 1296 4281 oo
1328 4203 1392 4281 die
1411 4200 1603 4282 Beomlca
1633 4227 1681 4281 aar
1702 4202 1853 4284 Booten
1883 4208 1924 4280 io
1944 4196 2103 4301 Botreff

430 4350 501 4429 der
531 4349 765 4454 Prdoilept'en
796 4353 866 4432 rlcr
896 4352 1134 4433 loosisclteo
1163 4353 1377 4458 Kooslenlc.
1440 4354 1557 4456 tuto,
1589 4355 1765 4436 teucer
1790 4355 1852 4433 12.
1871 4354 1908 4453 i)

381 4529 545 4607 llenricus,
568 4529 624 4593 tici
645 4535 749 4612 gracia
772 4549 826 4596 rcx
846 4530 956 4615 duglie
972 4537 1008 4597 'et
1028 4535 1171 4612 Francis,
1205 4543 1235 4598 et
1256 4535 1398 4600 dominus
1421 4535 1579 4613 llibcrnie‚
1613 4534 1735 4600 balliuis
1757 4534 1827 4598 ville
1849 4533 1887 4598 de
1909 4540 2014 4596 sancto
2035 4531 2094 4595 Bo-

253 4649 363 4726 tbullo,
387 4665 422 4712 ac
445 4647 660 4712 collectoribus
683 4656 744 4712 tam
766 4665 876 4732 magne
899 4659 929 4714 et
949 4667 1045 4730 paruo
1068 4659 1215 4734 custume,
1239 4669 1330 4731 quam
1353 4655 1482 4719 subsidii
1503 4659 1594 4718 trium
1616 4652 1784 4717 solidomm
1805 4653 1844 4716 de
1865 4651 1949 4716 dolio
1971 4660 2000 4715 et
2019 4650 2094 4714 duo-

252 4768 349 4833 decim
372 4765 567 4832 denariorum
588 4766 626 4830 de
648 4767 737 4845 libra,
760 4771 791 4830 in
812 4775 900 4846 parte
922 4769 1057 4834 eiusdem
1080 4767 1171 4848 villo,⁸
1185 4788 1302 4836 necnon
1325 4773 1441 4837 balliuo
1464 4790 1542 4854 aque
1564 4771 1686 4850 ibidem,
1709 4775 1761 4850 qui
1784 4787 1863 4834 nunc
1885 4779 1956 4834 sunt
1978 4771 2023 4834 rel
2042 4772 2094 4849 qui

252 4903 310 4966 pro
331 4895 468 4967 tempore
490 4893 589 4963 erunt,
612 4886 751 4950 salutem.
797 4883 874 4952 Cum
896 4888 1037 4953 dominus
1059 4887 1107 4966 ll,
1129 4889 1283 4969 quondam
1304 4909 1359 4956 ren
1382 4891 1506 4974 buglis,
1529 4891 1678 4956 secundus
1701 4897 1771 4970 post
1791 4897 1998 4970 conquestum,
2022 4904 2093 4970 pro·

411 5153 433 5220 ¹)
461 5155 549 5220 vargi.
568 5157 616 5208 das
635 5147 725 5210 Attsst
744 5159 790 5209 des
809 5157 910 5209 tietbas
929 5171 960 5210 an
977 5159 1092 5212 london
1112 5173 1172 5214 rom
1190 5161 1270 5214 labra
1291 5158 1365 5224 llll,
1383 5161 1437 5216 blut
1454 5158 1497 5214 ts.

408 5253 435 5320 ²)
462 5254 520 5307 Ans
539 5257 599 5310 dem
618 5257 839 5323 bnmburptscben
859 5257 1045 5322 Coplalbncbc.
