4914 6254
385 533 482 652 ἡ99
693 607 696 614 ,
1120 583 1121 590 Ν
1181 526 1468 624 resc,tut1s.

419 821 457 885 de
471 819 641 886 Brittereell
652 835 711 898 per
727 819 904 904 homagium
921 818 1073 886 fidelitatis
1094 827 1124 884 et
1146 820 1420 904 vigintidenen'cs,
1442 818 1483 884 ad
1504 819 1651 884 auxilinm
1669 821 1772 884 vicarii
1787 818 1827 884 ad
1837 821 2012 900 vpredictum
2028 819 2135 886 latam
2152 823 2249 884 uncti

421 937 578 1002 llicbaelis
597 939 738 1004 seniliter
757 941 912 1004 annuatim
942 939 1120 1017 soluetrdos3
1154 948 1184 1004 et
1205 940 1316 1005 dicmm
1338 940 1506 1005 nuceium
1527 939 1567 1004 tle
1588 937 1804 1004 Bacchewortb
1825 939 2076 1022 perrhomsffium
2098 937 2249 1004 ildelitstis

420 1067 448 1121 et
469 1059 575 1142 viginti
597 1060 759 1136 denarios,
778 1058 818 1122 ad
840 1057 1173 1123 contremuerunt
1195 1058 1274 1123 idem
1295 1057 1405 1122 festum
1427 1061 1524 1122 sancti
1546 1056 1702 1122 Michaelis
1721 1060 1813 1124 etiam
1832 1057 2013 1136 soluendum
2035 1066 2066 1122 et
2085 1057 2168 1122 dicta
2188 1058 2250 1122 duo

419 1187 521 1252 crusta
538 1187 567 1244 et
576 1179 743 1262 gramm)
755 1178 946 1256 mmhoscis,
965 1193 1025 1257 que
1034 1193 1131 1258 nuper
1144 1175 1265 1242 inerunt
1275 1177 1403 1257 predicti
1413 1176 1532 1242 Therme
1542 1175 1718 1259 Waps,pes
1729 1177 1901 1242 fidelitatem
1912 1186 1942 1242 et
1953 1176 2102 1242 Mum
2118 1178 2251 1257 quinque

418 1299 586 1363 solidorum
612 1306 641 1362 et
667 1315 720 1363 ses
748 1297 943 1362 denariorum
950 1317 961 1374 ;
990 1305 1019 1361 et
1034 1294 1120 1378 ¹elicta
1149 1303 1245 1360 terras
1267 1304 1297 1359 el
1316 1303 1407 1375 prata
1428 1313 1496 1360 cum
1517 1297 1634 1369 hoscis,
1664 1297 1787 1378 sepibus
1808 1304 1839 1360 et
1860 1295 1983 1360 inssabs
2002 1313 2100 1376 nuper
2120 1296 2247 1376 predicti

419 1417 530 1502 lingere·
545 1399 680 1482 llowner
699 1435 755 1498 per
776 1416 949 1482 dictitarem
965 1423 995 1481 et
1016 1415 1165 1480 redditum
1181 1413 1352 1494 quindecim
1374 1413 1541 1480 solidorum
1557 1425 1586 1480 et
1606 1425 1738 1495 metune
1753 1416 1965 1494 denariorum
1988 1423 2019 1478 et
2034 1413 2168 1496 predicta
2191 1419 2246 1479 tria

417 1545 535 1615 croam,
566 1543 669 1600 vocata
692 1535 849 1617 llawlryns
870 1536 898 1599 le
919 1536 1015 1614 llere,
1044 1551 1101 1616 per
1121 1535 1293 1598 fidelitatem
1320 1542 1350 1596 et
1371 1532 1524 1598 redditum
1542 1543 1657 1616 septen
1679 1533 1846 1600 solidorum
1872 1543 1906 1598 et
1928 1549 1983 1600 sex
2003 1536 2198 1602 denariorum
2219 1543 2249 1598 et

420 1657 508 1720 unius
531 1654 607 1719 libre
629 1655 762 1735 piperis;
789 1662 819 1719 et
839 1655 919 1718 dicta
942 1654 1101 1738 curtilagia
1124 1671 1193 1720 curn
1214 1652 1349 1734 gardinis
1371 1662 1400 1718 et
1426 1655 1520 1718 trihus
1543 1656 1622 1720 acris
1644 1663 1724 1718 terre
1746 1657 1776 1718 in
1798 1653 1938 1718 Watlord
1960 1652 2112 1734 predicta,
2142 1663 2248 1717 uocata
2280 1650 2296 1680 ‘

418 1775 593 1857 Blabettys,
620 1789 680 1856 per
698 1772 870 1838 hdelitatem
892 1783 923 1836 et
944 1773 1093 1838 redditum
1113 1775 1206 1836 trium
1228 1772 1396 1836 solidorum
1417 1781 1449 1836 st
1468 1781 1604 1853 qumana·
1623 1773 1835 1852 denaniorum
1864 1782 1898 1837 et
1914 1773 2029 1837 dictum
2049 1775 2249 1856 mesnagium,

419 1893 575 1983 quondam
590 1892 822 1961 lohanuisbtte
839 1892 933 1971 blora,
956 1910 1011 1974 per
1033 1892 1205 1959 fidelitatem
1227 1898 1256 1956 el
1277 1891 1428 1956 redditum
1451 1892 1611 1979 duodecim
1631 1893 1841 1971 omanorum
1863 1902 1892 1958 et
1913 1891 2026 1958 dicmm
2047 1891 2247 1976 mesuagium,

417 2012 570 2094 quondam
588 2012 703 2078 Thomu
719 2011 884 2093 blakettys,
907 2029 962 2093 per
979 2011 1152 2076 fidelitatem
1174 2020 1206 2077 el
1225 2010 1375 2076 redditum
1393 2010 1522 2076 duorum
1545 1984 1711 2089 solidorum
1733 2020 1762 2076 et
1779 2019 1846 2076 ocln
1865 2013 2070 2088 denariorum,
2092 2012 2247 2075 annuatim

417 2133 644 2198 sumendorum.
688 2129 796 2196 Sciatis
819 2149 892 2212 nos,
921 2127 1056 2212 prelatos
1077 2131 1216 2196 abbatem
1238 2140 1268 2195 et
1289 2137 1485 2208 conuentum,
1503 2106 1641 2208 statum,
1669 2132 1788 2195 titulum
1818 2139 1847 2196 et
1868 2132 2092 2210 possessionem
2119 2130 2246 2212 predicti

416 2252 570 2333 badupbt
592 2251 633 2316 de
651 2259 681 2315 et
702 2253 734 2315 in
757 2251 900 2314 maneriis
914 2250 1066 2331 predictis
1088 2266 1156 2314 curn
1179 2252 1378 2332 pertinentiis,
1401 2249 1557 2316 habendos
1571 2251 1667 2314 eidem
1680 2249 1851 2332 liudulpho,
1867 2249 2245 2333 heredibusetassignatis

418 2375 482 2438 suis
504 2375 737 2452 imperpetuum,
760 2369 906 2434 tenendos
926 2369 964 2434 de
985 2371 1075 2434 nohis
1094 2378 1125 2434 et
1145 2369 1373 2434 successoribus
1394 2351 1516 2448 nostris,
1539 2369 1674 2434 videlicet
1693 2369 1849 2450 quenlibet
1871 2369 2246 2451 predictorum-eneric-

417 2507 485 2556 mm
506 2507 564 2571 per
583 2491 718 2572 predicta
741 2491 889 2567 seruicia,
902 2489 1044 2570 homagia
1066 2496 1096 2552 el
1116 2486 1274 2552 fidelitates
1295 2497 1325 2552 et
1345 2489 1471 2552 servicia
1493 2487 1646 2553 reddenda
1667 2488 1758 2554 nohis
1776 2498 1807 2553 et
1824 2489 2050 2554 succesoribus
2065 2491 2176 2552 neuris
2190 2501 2246 2568 pro

417 2610 552 2690 quolibet
572 2609 737 2674 eorundem
755 2609 965 2672 ¹maneriorum
987 2620 1079 2672 unum
1100 2607 1256 2672 denarium
1278 2615 1394 2672 tantum
1416 2607 1570 2671 aunuadm
1592 2607 1631 2671 ad
1653 2606 1763 2672 iesturn
1780 2609 1877 2672 saneti
1893 2607 2049 2672 ldicltaelis
2064 2605 2245 2690 Archangeli

387 2809 390 2816 Ι
416 2728 596 2793 soluendam
619 2744 675 2809 pro
698 2728 840 2790 omnihus
860 2726 929 2790 aliis
950 2726 1096 2805 seruieiis,
1118 2727 1324 2790 exactionibus
1346 2735 1376 2790 et
1397 2727 1511 2791 eunetis
1533 2727 1689 2792 demendis
1704 2726 1780 2793 inde
1801 2727 1911 2792 debilis
1931 2743 1985 2790 seu
2000 2727 2179 2790 exeuntibus
2192 2741 2245 2804 ap-

416 2847 577 2931 probasse,
600 2846 764 2910 ratideasae
784 2853 822 2909 el.
835 2861 891 2927 per
909 2852 1064 2927 presentes
1085 2845 1290 2913 confirmasse.
1335 2845 1378 2910 lic
1400 2847 1525 2927 insuper
1545 2847 1690 2910 nocemus
1711 2862 1783 2924 nos,
1803 2845 1949 2926 ¹prelatos,
1961 2845 2154 2910 abbatemet
2175 2861 2242 2908 con-

417 2975 556 3044 uentum,
579 2973 705 3043 sutum,
727 2965 849 3030 titulum
868 2974 899 3028 et
919 2965 1143 3045 possessionem
1165 2964 1294 3044 predicti
1314 2963 1467 3046 lindulpbi
1483 2964 1528 3030 de
1549 2973 1580 3028 et
1599 2967 1630 3029 iu
1653 2967 1794 3036 omnibus
1815 2964 1885 3030 aliis
1906 2965 2085 3048 mesuagiis,
2108 2966 2241 3048 miagiis,

416 3088 504 3150 terris
526 3095 556 3150 et
577 3085 754 3150 tenementis
775 3084 919 3165 predictis
940 3100 1009 3148 cum
1031 3085 1221 3162 pertinentiis
1250 3085 1388 3149 habenda
1418 3083 1514 3148 eidem
1536 3083 1713 3166 liudulpho,
1746 3085 1908 3153 heredibus
1937 3094 1967 3148 et
1994 3085 2156 3166 assignetis
2182 3086 2244 3148 suis

413 3209 652 3287 imperpetuum,
672 3203 799 3268 tenenda
822 3203 860 3268 de
879 3203 969 3266 nohis
990 3211 1020 3266 et
1041 3202 1267 3266 successorihus
1288 3205 1416 3280 ansuis,
1439 3202 1576 3269 videlieet
1597 3203 1675 3270 dicta
1697 3204 1758 3269 duo
1780 3213 1895 3285 crusta,
1918 3213 2031 3268 terrum
2052 3211 2083 3268 et
2101 3219 2239 3286 grauem,

414 3341 473 3406 que
495 3341 593 3406 snper
614 3323 735 3388 luerunt
752 3321 823 3387 dicti
838 3321 1073 3401 ThomeWaps,
1096 3339 1152 3402 per
1172 3323 1253 3386 dicta
1275 3324 1403 3388 seruicia
1426 3322 1577 3387 fidelitatis
1599 3332 1628 3388 et
1650 3325 1738 3388 unius
1759 3322 1953 3402 quadrantis}
1975 3331 2005 3387 et
2025 3323 2105 3387 dieta
2121 3331 2244 3398 turem,

414 3451 535 3526 pratum
556 3451 587 3506 et
608 3444 732 3508 hoscum
746 3459 824 3506 ¹cum
845 3442 1049 3521 pertinentiis,
1078 3457 1138 3521 que
1158 3457 1254 3521 nuper
1274 3440 1396 3505 luerunt
1423 3442 1496 3506 dieti
1519 3441 1629 3526 lingeri
1652 3441 1802 3520 llowuer,
1820 3460 1890 3523 per
1909 3443 2073 3507 seruieium
2093 3441 2245 3506 fidelitatis

415 3566 552 3628 etunius
574 3563 752 3643 quadrantis
759 3580 772 3640 ;w
792 3570 822 3625 et
843 3561 922 3624 dicta
945 3563 1002 3624 trie
1023 3568 1134 3639 crosta,
1159 3569 1263 3624 vocata
1279 3560 1436 3643 llawltyns
1458 3560 1486 3625 le
1504 3561 1593 3639 llere,
1615 3577 1674 3642 que
1697 3577 1794 3642 nuper
1813 3560 2094 3626 lueruntlohennis
2106 3559 2245 3642 Flemyll,

415 3699 472 3764 per
489 3683 665 3748 ildelitaiem
687 3689 717 3746 et
738 3681 901 3746 seruioium
921 3679 1008 3744 anius
1030 3679 1206 3760 quadrantis
1213 3698 1224 3757 ;
1246 3689 1276 3743 et
1296 3680 1378 3744 diota
1399 3680 1559 3764 curtilagia
1582 3697 1650 3745 eun
1672 3681 1801 3764 gardino
1823 3681 1971 3745 attribue
1993 3682 2073 3745 acris
2095 3689 2175 3744 terre
2190 3679 2246 3744 ad-

415 3801 592 3878 iacentibus,
615 3799 898 3882 cocalnlilaltettys,
921 3817 977 3880 per
988 3799 1161 3864 bdelitatem
1184 3807 1214 3863 et
1234 3801 1396 3864 semicluso
1419 3801 1505 3866 vuius
1522 3800 1715 3880 quadrantis3
1737 3808 1767 3864 et
1789 3798 1903 3864 dictum
1926 3799 2125 3883 mesuagium,
2147 3815 2246 3880 quon·

339 4001 342 4012 ⁸
414 3919 485 3983 dam
499 3919 646 3983 lobannis
659 3917 726 3983 Atte
742 3918 837 3994 ldore,
860 3935 916 3998 per
936 3916 1109 3980 fidelitatem
1131 3925 1160 3980 et
1181 3918 1342 3982 seruicium
1365 3919 1451 3983 cuius
1472 3918 1666 3998 quadrarum
1689 3927 1718 3981 et
1739 3918 1852 3986 dictum
1874 3919 2073 4004 mesuap'em
2092 3919 2245 3998 qnondam

415 4036 488 4100 dicti
502 4035 624 4100 dinume
645 4035 816 4117 blakettys,
839 4053 895 4117 per
915 4035 1087 4100 udeliutem
1110 4044 1139 4100 el
1160 4037 1432 4102 seruiciumvnius
1451 4036 1628 4117 quadrantis
1635 4056 1646 4114 ;
1676 4046 1706 4103 et
1726 4037 1838 4102 dicum
1860 4040 2064 4123 mesuagium,
2091 4039 2244 4120 quondam

412 4156 541 4238 predicti
550 4155 699 4220 lobannis
710 4153 839 4238 Aygnell
862 4172 918 4235 per
939 4154 1112 4219 fidelitatem
1134 4164 1165 4219 et
1185 4157 1348 4220 seruieium
1370 4156 1457 4220 ruins
1478 4155 1675 4236 quadrantis3
1696 4164 1728 4220 et
1748 4155 1827 4222 dieta
1845 4165 1982 4236 quatuor
1996 4158 2127 4242 colagis,
2149 4175 2244 4240 qnon-

413 4273 484 4340 dam
504 4273 633 4355 predicti
655 4273 771 4338 Thone
789 4272 944 4356 Blalettys
965 4291 1022 4354 per
1043 4273 1216 4340 fidelitatem
1237 4283 1268 4338 et
1289 4275 1451 4339 seruiciurn
1474 4279 1559 4338 vuius
1581 4275 1757 4356 quadrantis
1763 4292 1775 4354 ;
1798 4285 1827 4340 et
1848 4275 1928 4340 dicta
1949 4286 2051 4342 crusta
2073 4286 2102 4342 et
2116 4281 2245 4364 triginta

413 4409 503 4459 aeras
522 4401 617 4474 terre,
650 4393 803 4475 quendem
824 4393 970 4460 lobannis
992 4392 1134 4471 umam,
1165 4411 1223 4473 per
1242 4392 1415 4458 fidelitatem
1445 4401 1475 4457 el
1501 4395 1662 4458 seruicium
1685 4396 1772 4460 tulus
1793 4395 1990 4476 quadrantis;
2022 4405 2053 4461 et
2074 4397 2170 4462 dietas
2189 4415 2243 4461 sex

269 4499 274 4511 ’
412 4497 500 4580 acras
522 4523 620 4591 tare,
643 4513 773 4578 iacentes
795 4515 826 4576 in
847 4513 985 4592 predicto
1006 4521 1123 4589 cresto,
1146 4519 1252 4575 vocato
1273 4510 1490 4590 Whitecroste,
1520 4513 1674 4592 mundam
1695 4513 1830 4578 eiusdem
1851 4514 1998 4580 lobannis
2019 4515 2161 4594 Pellenen,
2189 4531 2243 4596 per

413 4631 585 4697 bmlitntem
606 4640 636 4696 et
656 4633 819 4697 seruicium
838 4633 925 4698 cums
942 4631 1138 4712 quadrantis3
1159 4639 1191 4694 et
1211 4628 1322 4695 uuam
1338 4639 1511 4698 namnetem
1534 4621 1614 4696 terre
1634 4649 1703 4697 enm
1718 4635 1919 4712 mutinensis,
1942 4634 2095 4713 quondam
2118 4637 2243 4718 predicti

412 4749 703 4833 unomeutrtutys,
725 4750 1179 4832 perlldelitalemelsernicinm
1192 4749 1483 4830 cuiusqundrantis3
1505 4750 1909 4830 etbcmmemsmmmne,
1931 4753 2243 4833 qnondamberedun

411 4867 558 4932 willelmi
580 4869 773 4948 herlesham,
806 4888 862 4950 per
888 4867 1063 4934 fidelitatem
1091 4876 1122 4932 et
1149 4869 1311 4932 seruieium
1340 4870 1630 4949 cuiusquadraruis
1652 4874 1827 4950 aunuatim
1860 4871 1994 4937 redditus
2022 4872 2176 4951 predictos
2203 4872 2241 4936 ad

412 4987 525 5052 dictum
546 4986 656 5052 mlum
678 4992 774 5053 sancti
796 4987 952 5052 Michaelis
974 4987 1151 5070 archangeli
1172 4991 1329 5051 annuatim
1350 4988 1523 5072 soluendus,
1546 5005 1605 5070 pro
1627 4990 1768 5054 omuibus
1789 4990 1860 5055 allis
1881 4991 2029 5069 seruiciis,
2052 4991 2244 5057 consuetudi-

411 5080 518 5189 nrhus,
531 5091 720 5204 'lectionibus
748 5115 778 5171 et
804 5105 961 5198 demendis
987 5121 1045 5190 pro
1075 5105 1186 5172 cudent
1217 5107 1304 5170 terris
1332 5115 1361 5172 et
1390 5108 1564 5174 tenementis
1592 5107 1700 5174 debitis
1728 5107 1792 5173 siue
1814 5105 1991 5178 exeuntibus
2012 5117 2068 5193 pei
2086 5108 2244 5194 'presentes

411 5225 615 5308 approbasse,
649 5227 814 5290 radicasse
836 5234 865 5290 et
887 5223 1097 5328 confirmasse,
1132 5243 1167 5290 ac
1188 5227 1313 5308 insuper
1333 5227 1486 5294 remisisse
1514 5235 1544 5292 et
1563 5225 1718 5296 relaxasse
1740 5235 1770 5292 et
1791 5229 1914 5292 omnino
1935 5245 1993 5316 pro
2014 5231 2102 5296 nobis
2124 5239 2154 5296 et
2174 5247 2243 5298 sue-
