4914 6254
1011 561 1127 661 ,resa
1151 567 1225 638 ruo
1253 562 1311 636 rr.
1584 649 1585 652 Ν
2020 575 2076 656 59

237 857 374 922 nonnulli
396 865 495 922 umen
519 859 601 924 bona
620 863 651 918 et
671 849 890 940 mercandisus,
913 851 943 913 in
960 850 1042 916 dicta
1058 825 1159 929 petri'a
1176 849 1318 916 Flandrie
1339 865 1376 916 ac
1393 848 1461 914 eliis
1477 851 1616 927 partibus
1632 860 1662 916 et
1679 853 1787 931 patriis
1805 855 1894 919 nobis
1911 853 2074 924 rebellibus

237 975 412 1040 etinimicis
434 983 545 1056 empta,
568 976 598 1038 in
620 987 747 1054 regnum
770 977 905 1035 nocuum
923 966 1034 1051 buglis
1055 968 1093 1032 de
1112 977 1248 1050 tempore
1269 968 1300 1031 in
1323 975 1441 1047 tempus
1462 967 1534 1032 inde
1553 969 1708 1034 adducunt
1730 978 1760 1035 et
1777 971 1927 1038 adducere
1945 972 2075 1052 iaciente

237 1111 298 1172 quo
320 1094 353 1157 tlt
374 1103 407 1156 ut
427 1093 500 1158 dicti
522 1091 652 1158 rebelles
678 1089 845 1154 reddantur
872 1087 1065 1166 potenciores
1090 1093 1123 1152 cl
1142 1087 1347 1166 promptiores
1374 1085 1413 1150 ad
1434 1101 1577 1168 merram
1599 1087 1772 1155 huiusmodi
1794 1091 1882 1156 nobis
1903 1090 2074 1160 taciendam

237 1221 266 1276 et
288 1211 533 1278 continuandam.
571 1210 713 1276 Veientes
739 1208 832 1290 igitur
857 1205 998 1286 dampnis
1027 1213 1058 1270 et
1083 1203 1267 1286 dispendiis,
1300 1221 1360 1283 que
1385 1203 1494 1268 exinde
1521 1207 1608 1270 nobis
1636 1215 1666 1270 et
1694 1225 1788 1290 regno
1811 1217 1913 1274 nostro
1936 1211 2072 1290 predicto

237 1331 396 1410 provenire
417 1331 548 1410 poterint
569 1336 599 1391 et
619 1329 705 1403 eriri,
732 1328 851 1390 cautius
872 1325 1005 1402 obviare,
1033 1325 1127 1401 vobis,
1150 1323 1189 1388 de
1211 1325 1396 1388 aruamectc
1418 1331 1448 1386 et
1468 1339 1595 1389 assensu
1611 1327 1730 1402 consilii
1750 1330 1856 1406 nostri,
1879 1331 2073 1410 precipimus,

236 1447 403 1512 districtius
432 1463 492 1526 quo
519 1461 682 1525 possumus
709 1446 916 1526 iniungectcs,
950 1443 1030 1522 quod
1053 1441 1243 1506 omnimodas
1266 1441 1471 1508 mercandisas
1498 1441 1536 1506 ad
1559 1451 1681 1520 portum
1704 1444 1872 1524 predictum
1893 1464 1948 1512 seu
1971 1448 2073 1527 alioue

237 1566 305 1629 loca
332 1565 431 1629 eidem
459 1567 560 1644 portui
581 1563 750 1628 adiacentia
771 1580 789 1627 a
812 1562 950 1642 partibus
972 1563 1082 1626 exteris
1110 1559 1256 1624 adductas
1285 1559 1426 1626 inlibris
1453 1561 1560 1625 vestus
1581 1562 1674 1626 scribi
1697 1571 1725 1626 et
1748 1565 1840 1628 inseri
1862 1564 1999 1644 lametie3
2032 1575 2072 1644 et,

237 1684 262 1746 si
286 1684 373 1748 nobis
394 1697 450 1762 per
472 1685 649 1746 scrutinium
671 1680 844 1746 huiusmodi
872 1687 1013 1744 constare
1040 1679 1168 1758 poterit,
1201 1678 1321 1758 aliquas
1342 1677 1547 1742 mercandisas
1574 1679 1613 1746 de
1634 1683 1804 1747 crescensin
1826 1699 1880 1748 seu
1902 1685 2070 1762 rectura1]

237 1800 378 1864 blandrie
400 1808 452 1864 eut
473 1800 601 1864 aliarum
619 1801 750 1880 partium
770 1799 857 1864 nobis
874 1798 1099 1864 adversantium
1121 1795 1233 1860 ibidem
1255 1796 1376 1874 adduci,
1399 1805 1469 1862 tunc
1490 1799 1710 1863 mercatoribus
1731 1801 1907 1866 earumdem
1928 1819 1966 1866 ex
1987 1810 2074 1880 parte

238 1926 342 1982 nostra
365 1920 528 2001 iniungatis
555 1925 584 1982 et
609 1919 654 1982 eis
675 1917 877 1996 prohibeatis,
912 1934 949 1982 nc
975 1917 1034 1997 ipsi
1060 1914 1265 1980 mercandisas
1294 1915 1363 1979 illas
1389 1913 1469 1980 inire
1492 1933 1620 1998 regnum
1642 1925 1780 1982 nostrum
1800 1916 1911 2002 Anglie
1934 1921 2073 1999 vendant,

237 2053 291 2100 nec
320 2036 486 2100 condicioni
515 2044 668 2116 exponant
696 2034 912 2116 quovismodo,
946 2034 1003 2098 snb
1033 2031 1227 2098 iorislactura
1261 2033 1435 2098 earumdem
1462 2051 1498 2100 ac
1527 2037 1788 2114 inprisonamento
1818 2055 1982 2118 corporum
2010 2050 2073 2104 mm

236 2161 407 2235 emptorum
430 2169 521 2234 quam
545 2155 744 2231 venditorum,
768 2152 807 2218 ad
830 2153 1015 2218 voluntatem
1037 2159 1183 2234 nostram.
1227 2151 1265 2217 Et
1287 2151 1431 2229 merrus,
1453 2153 1635 2231 quibusdam
1657 2155 1762 2220 arduis
1783 2165 1813 2221 et
1834 2159 2012 2239 urgentibus
2033 2159 2073 2222 de

236 2276 336 2336 causis
364 2287 419 2336 nos
447 2273 650 2350 munenibus,
684 2273 722 2336 de
748 2274 934 2336 armamento
960 2280 990 2336 et
1010 2285 1136 2336 assensu
1165 2271 1326 2349 predictis,
1359 2271 1545 2352 iniungimus
1567 2279 1596 2335 et
1617 2276 1818 2353 precipimus,
1851 2275 1933 2355 quod
1955 2275 2072 2340 nullam

235 2406 415 2469 personam,
440 2392 654 2469 cuiuscumque
677 2397 788 2468 suuis,
811 2391 925 2472 padus
947 2392 994 2456 rel
1016 2389 1198 2454 coediuocte
1219 2389 1325 2466 merit,
1348 2389 1450 2454 eolore
1472 2407 1525 2454 seu
1549 2392 1657 2454 virtute
1679 2391 1807 2456 alicuine
1829 2393 1948 2457 lieenlie
1971 2402 2073 2458 nostre

235 2509 293 2574 sibi
320 2497 415 2587 prius
429 2507 508 2571 lacte
534 2524 588 2571 seu
615 2525 777 2586 concesse,
810 2518 862 2573 ant
888 2509 949 2572 alio
971 2507 1075 2574 colore
1095 2523 1301 2588 quocumque,
1335 2524 1390 2570 nec
1412 2507 1532 2585 aliquas
1554 2525 1646 2571 nares
1667 2525 1721 2573 scu
1743 2509 1805 2574 alia
1828 2527 1916 2588 casa,
1949 2519 2071 2590 portum

237 2643 290 2690 seo
319 2627 386 2688 loca
417 2625 552 2702 predicta
582 2626 798 2703 quovismodo,
831 2627 946 2706 meque
973 2625 1099 2708 speciali
1129 2625 1249 2690 licentia
1277 2633 1382 2690 nostra
1412 2624 1469 2689 sub
1502 2641 1613 2708 magno
1641 2626 1745 2708 sigillo
1774 2635 1878 2692 nostm
1908 2629 1992 2692 vobis
2021 2625 2109 2692 er·'
2172 2599 2177 2614 ¹

234 2743 381 2820 bibenda,
408 2761 461 2807 seo
483 2744 598 2822 absque
619 2744 691 2821 boc,
725 2744 806 2822 quod
833 2759 938 2807 omues
963 2742 1151 2807 mercandise
1178 2751 1262 2806 extra
1289 2749 1410 2823 portum
1440 2749 1470 2806 et
1497 2742 1564 2806 loca
1591 2743 1726 2822 predicta
1755 2744 1794 2808 ad
1823 2753 1926 2824 partes
1954 2756 2073 2812 exteras

236 2860 389 2928 ademunde
416 2879 470 2927 seu
499 2861 715 2927 introducenda
741 2863 773 2926 io
800 2861 886 2928 libris
913 2863 1020 2926 saeuis
1043 2861 1219 2931 subacens
1243 2868 1277 2926 et
1300 2835 1487 2936 inserantur,
1522 2868 1550 2924 et
1577 2862 1658 2939 quod
1686 2871 1870 2932 mercatores
1896 2863 2072 2930 eurumdem

235 2979 494 3046 mercandisarum
517 2981 673 3049 icreaienr·
695 2981 780 3045 vobis
802 2981 913 3046 bonam
936 2988 966 3043 et
986 2978 1184 3046 sufficientem
1208 2978 1400 3050 securitatem
1433 2978 1472 3044 de
1500 2977 1712 3060 respondendo
1742 2981 1830 3045 nobis
1859 2980 1897 3045 de
1919 2983 2001 3046 omni
2023 2998 2071 3060 eo,

235 3099 317 3174 quod
347 3115 403 3178 pro
433 3099 629 3164 mercandisis
656 3098 718 3163 illis
749 3101 836 3164 nobis
865 3099 1024 3163 debebitur
1050 3113 1102 3162 seu
1130 3100 1242 3178 poterit
1269 3097 1421 3177 pertinere
1450 3099 1607 3177 (exceptis
1633 3097 1708 3175 hiis,
1741 3113 1818 3175 quos
1840 3101 1871 3160 in
1893 3098 2072 3177 obsequium

235 3221 372 3278 nostrum
395 3215 434 3277 ad
456 3223 558 3294 partes
581 3221 799 3282 transmarinas
821 3217 962 3282 duximus
985 3214 1242 3291 transmittendos,
1265 3230 1301 3277 ac
1323 3215 1448 3278 naribus
1470 3231 1547 3293 quas
1568 3230 1626 3292 pro
1645 3229 1750 3277 eorum
1772 3217 1924 3298 passagiis
1946 3214 2072 3280 iacimus

234 3331 390 3409 deputari3
424 3340 454 3394 ct
480 3335 614 3412 exeeptis
644 3335 865 3400 mercatoribus
892 3333 1012 3413 stapulo
1041 3340 1144 3396 nostre
1172 3329 1291 3396 Celesie
1317 3339 1346 3394 et
1373 3347 1478 3395 eorum
1507 3331 1688 3408 tectoribus,
1721 3332 1873 3411 stapulam
1903 3332 2071 3412 predictam

234 3449 320 3516 adire
342 3449 526 3525 colentibus3
548 3449 586 3512 de
608 3451 718 3528 quibus
739 3461 852 3529 temen,
874 3459 944 3516 ente
966 3465 1072 3513 eorum
1090 3464 1246 3514 recessum
1269 3456 1393 3529 apertu
1409 3457 1439 3514 et
1454 3449 1531 3512 locis
1547 3447 1702 3526 predictis,
1723 3464 1781 3528 per
1802 3465 1855 3512 vos
1874 3447 2071 3516 sufficientem

233 3572 425 3634 securitatem
447 3571 542 3647 recipi
566 3569 719 3645 volumus,
746 3568 828 3646 cuod
851 3571 909 3649 ipsi
931 3568 970 3634 ad
992 3567 1144 3648 stapulem
1167 3563 1350 3645 predictam,
1379 3575 1408 3629 et
1430 3583 1490 3633 nou
1513 3567 1553 3634 ad
1575 3565 1669 3632 alium
1692 3567 1793 3630 locum
1815 3569 1929 3646 absque
1950 3567 2072 3634 boeotia

235 3694 338 3750 nostra
362 3687 487 3767 speciali
509 3686 744 3764 melicertem),
766 3689 850 3750 exire
871 3687 1063 3766 permutetis.
1111 3682 1193 3763 Quin
1214 3699 1319 3764 ymmo
1341 3683 1466 3748 cuilibet
1487 3685 1638 3767 ligeorum
1660 3691 1833 3752 nostrorum
1854 3686 2071 3764 predictorum,

234 3803 273 3868 ad
296 3803 468 3870 huiusmodi
490 3813 594 3882 partes
616 3807 747 3870 transire
769 3803 879 3868 relecti
900 3821 938 3867 ex
959 3811 1046 3882 parte
1065 3811 1171 3868 uestra
1193 3800 1282 3865 detur
1303 3801 1430 3866 miniter
1451 3806 1481 3866 ic
1504 3802 1672 3881 mandatis,
1699 3803 1781 3883 quod
1803 3805 1885 3885 ip'se,
1913 3805 1971 3872 sub
1991 3823 2071 3886 pene

233 3924 493 4001 imprisenameon
522 3931 552 3986 et
574 3921 766 3990 tousbeture
784 3924 923 3990 omnium
943 3938 1004 4000 uus
1026 3922 1113 3988 uobis
1134 3919 1310 3985 forisfacere
1331 3922 1460 4000 potent,
1492 3921 1659 4002 quidquam
1682 3923 1714 3988 in
1736 3924 1921 3988 centrarmm
1943 3926 2071 4002 premis·

233 4055 336 4104 soruur
353 4057 413 4105 non
429 4049 585 4120 aucupet
601 4057 655 4106 uec
674 4040 766 4107 iamet
780 4043 964 4120 attemptari.
1009 4037 1100 4107 Teste
1116 4055 1164 4103 me
1181 4039 1260 4119 ipsu
1282 4037 1364 4119 apud
1385 4037 1697 4116 Westmonasterium,
1720 4039 1798 4104 lllll.
1818 4040 1867 4106 die
1881 4040 2070 4118 Novembris,

233 4175 312 4221 anno
335 4159 420 4240 regni
441 4160 536 4222 nostri
559 4159 631 4226 tvl
699 4158 759 4226 Per
780 4159 953 4225 consilium.
1702 4156 1865 4242 §turgeom

231 4377 443 4461 nxxlx.
481 4383 678 4482 umiae,
704 4381 896 4464 Gordirtol
915 4409 989 4466 sou
1002 4383 1199 4488 melma,
1225 4384 1539 4489 becellcudebtipt
1561 4385 1638 4464 dere
1657 4385 1694 4462 J.
1711 4382 1853 4483 Aoede,
1881 4388 1943 4462 eiu
1955 4382 2071 4464 Hoste

231 4539 271 4612 sic
303 4531 520 4638 Wyodepoe
543 4533 652 4614 Luce
681 4559 754 4615 coc
777 4535 971 4637 Joboceeo,
1008 4535 1158 4617 Willree
1184 4537 1257 4617 dee
1280 4537 1327 4616 R.
1353 4536 1571 4638 Bolseloud,
1602 4543 1643 4614 e'u
1666 4533 1802 4614 Recita
1825 4559 1873 4614 ae
1895 4535 2068 4615 celemon.

989 4687 1107 4790 1437,
1138 4691 1233 4769 Juree'
1255 4687 1317 4770 17.

382 4867 528 4934 Nouerint
550 4870 682 4936 uniuersi
703 4885 760 4949 per
781 4876 938 4952 presentes
955 4887 1016 4936 nos
1038 4869 1217 4947 mancum,
1239 4870 1439 4949 permissione
1460 4869 1565 4934 moiun
1586 4867 1771 4932 cardinalem
1796 4867 1917 4950 buglis,
1947 4869 2066 4948 iecisse,

230 4985 387 5050 ordinasse
416 4995 445 5050 et
471 4987 540 5052 loce
560 4995 666 5054 nostro
685 4989 828 5068 posuisse
846 4987 992 5110 &lectum
1022 4989 1109 5054 nobis
1135 4991 1167 5052 in
1190 4985 1311 5055 Christo
1333 4987 1500 5052 dobaunem
1530 4983 1629 5051 Assbe
1657 4999 1760 5052 verum
1788 4997 1818 5052 ct
1844 4987 2013 5072 legitimum
2040 4988 2052 5072 ll

387 5238 411 5300 ¹)
438 5241 557 5292 Recterc.
593 5241 622 5292 l..
640 5241 761 5295 lecturel

1828 5373 1863 5430 80
