4866 6264
940 575 1050 674 tote,
1075 579 1266 676 September
1290 575 1348 650 ld.
1417 521 1420 533 ¹
1963 585 2045 672 195

145 879 148 892 ’
237 864 377 944 swein,
397 865 568 933 chanatnt
589 863 693 932 botris
712 866 818 944 noun
839 864 1052 934 mussini
1073 864 1220 950 uhbqati,
1236 879 1331 946 quam
1354 868 1483 930 maxime
1502 862 1603 931 lavere
1621 865 1794 950 cupientes,
1814 866 1853 934 de
1869 870 1969 951 graba
1990 887 2048 940 uo-

229 994 294 1054 sua
313 961 440 1068 speciali
461 1001 497 1050 ac
519 1001 556 1050 ex
577 992 660 1050 certa
681 986 806 1052 scientie
826 993 859 1050 et
878 1001 962 1050 mero
983 993 1067 1052 motu
1087 986 1200 1050 nostris
1219 984 1357 1052 dedimus
1378 993 1408 1050 et
1427 986 1631 1052 memmimus
1651 993 1681 1052 et
1701 985 1759 1052 hae
1780 991 1910 1068 presenti
1931 987 2047 1056 Charta

228 1113 332 1173 neura
354 1121 412 1186 pro
433 1103 539 1183 Nobis
560 1103 726 1170 llercdibus
748 1121 784 1170 ac
804 1103 1033 1170 Successorihus
1056 1105 1167 1170 nosris
1186 1103 1305 1182 damus,
1327 1103 1518 1170 concedimus
1540 1111 1569 1168 et
1590 1105 1818 1174 condumamnsc
1845 1104 1965 1174 docebo
1985 1105 2046 1176 Jo-

227 1223 360 1308 oodroo,
379 1221 530 1292 dobonns'
549 1219 740 1308 Leeoolstsell,
767 1221 936 1292 Theodoro
957 1221 1138 1307 Jacobsoo,
1161 1221 1262 1290 Petro
1283 1219 1400 1312 Splid‚
1429 1219 1554 1290 Stotze'o
1575 1221 1704 1291 Alassos
1726 1233 1757 1290 et
1777 1223 1915 1294 Nicoluo
1935 1225 2047 1315 llepn,

228 1344 455 1422 mucatoribos,
478 1351 572 1408 totam
594 1343 679 1408 illam
701 1351 823 1421 urnam,
845 1344 945 1409 solum
965 1346 1029 1408 sive
1049 1341 1176 1408 landum
1197 1350 1334 1408 nostrum
1354 1342 1520 1424 predictum
1540 1346 1719 1422 mmmm,
1741 1349 1842 1410 iacens
1862 1355 1894 1412 et
1913 1348 2046 1414 existm

226 1468 259 1530 in
278 1463 422 1546 parochia
443 1461 574 1531 aenens
595 1462 751 1528 Trinitatis
773 1463 856 1526 intra
877 1460 1035 1530 Civitatem
1056 1471 1191 1528 nostram
1212 1461 1336 1526 london
1362 1463 1394 1526 in
1416 1461 1510 1540 Vico,
1538 1460 1702 1546 vulgariter
1721 1474 1891 1544 nuncupato
1916 1463 2046 1554 Tristitp

229 1579 336 1666 Larte,
356 1585 390 1648 in
410 1599 471 1663 qno
492 1599 591 1663 nuper
610 1584 694 1647 stetit
712 1581 847 1648 Ecclesia
867 1581 1051 1663 parochialis
1072 1578 1199 1648 &neue
1220 1580 1384 1646 Trinitatis.
1426 1580 1603 1648 habendum
1623 1590 1653 1648 et
1673 1583 1834 1648 emendum
1853 1583 1965 1662 solum,
1985 1593 2045 1652 ten

227 1717 294 1766 ram
315 1703 377 1766 sive
397 1701 524 1767 turdum
552 1701 722 1781 predictum
749 1717 817 1766 oum
843 1703 983 1767 omnibus
1014 1703 1201 1782 pertinentiis
1229 1700 1353 1782 prelatis
1382 1699 1497 1766 tanobo
1516 1700 1681 1779 sammon,
1712 1701 1842 1768 tobrnni
1863 1701 2046 1782 Memhveli,

226 1819 389 1886 Theodoro
408 1821 571 1899 lacobson,
594 1820 681 1884 Petro
702 1819 800 1900 Splid‚
822 1817 936 1886 Statnio
956 1819 1091 1898 hhrcns,
1112 1820 1259 1886 llicbolno
1280 1819 1365 1904 lleyn
1387 1829 1417 1884 et
1437 1819 1599 1884 heredibus
1620 1837 1724 1884 eorum
1745 1822 1777 1886 in
1798 1830 1987 1904 perpetuum,
2008 1841 2044 1888 ca

228 1947 328 2006 umen
350 1941 419 2024 lega
437 1949 468 2005 et
488 1941 655 2004 intencione
676 1939 843 2020 otquesub
865 1940 922 2004 hac
944 1940 1070 2020 speciali
1091 1939 1212 2024 fiducia,
1235 1939 1315 2019 quod
1337 1940 1397 2019 ipsi
1418 1938 1546 2020 predicti
1562 1939 1872 2019 lacobuslacobsou,
1892 1940 2046 2006 temones

226 2057 410 2138 leemltuell,
432 2058 609 2126 Theodorus
630 2058 798 2138 lacobson,
825 2058 930 2122 Petrus
951 2057 1053 2140 Splid‚
1086 2057 1218 2126 santus
1239 2059 1355 2123 hhrens
1377 2066 1408 2122 et
1426 2037 1591 2124 Nicholaus
1610 2057 1695 2140 lleyn
1715 2057 1763 2123 vel
1784 2075 1888 2124 eorum
1909 2063 2044 2142 supervi·

226 2187 328 2243 ventes
349 2185 400 2244 aut
420 2180 613 2260 supervivens
635 2178 682 2259 vel
702 2177 828 2242 heredes
849 2179 1072 2258 superviventes
1096 2180 1178 2244 intra
1205 2179 1336 2261 spatium
1364 2185 1493 2257 quatuor
1521 2193 1669 2242 autorum
1692 2182 1830 2258 proxime
1856 2150 2046 2262 sequentium

225 2294 372 2379 tundant,
405 2298 523 2380 erigant
544 2305 574 2361 et
594 2295 731 2362 edificent
752 2312 806 2360 seu
826 2294 963 2375 fundari,
996 2297 1073 2381 erigi
1095 2305 1124 2360 et
1144 2296 1278 2362 edilicari
1299 2295 1410 2362 laciano
1431 2295 1590 2376 Templum
1618 2298 1681 2362 sive
1701 2297 1794 2364 Edem
1822 2315 1939 2366 sacram
1961 2301 1994 2364 iu
2015 2307 2045 2364 et

224 2431 318 2497 super
339 2424 461 2493 meran,
482 2415 582 2480 solum
602 2417 665 2480 sive
685 2413 812 2480 fundum
832 2416 1001 2495 predictum
1023 2415 1187 2497 eodemque
1205 2415 1342 2499 Templo,
1364 2419 1408 2480 sie
1426 2425 1459 2479 ut
1470 2414 1630 2496 prefertur,
1653 2425 1835 2497 constructo,
1857 2417 1897 2484 de
1910 2413 2044 2500 tempore

226 2535 257 2598 in
279 2541 398 2614 tempus
419 2535 632 2614 perpetuisque
652 2533 762 2600 futuris
783 2535 970 2616 temporibus
990 2537 1164 2618 parnitunt
1184 2533 1261 2613 leni,
1295 2535 1427 2618 gaudere
1453 2542 1483 2598 et
1502 2534 1613 2600 ibidem
1635 2539 1796 2602 conveobe
1815 2553 1921 2604 omnes
1940 2536 2043 2620 bugu·

225 2659 332 2716 stanae
353 2649 560 2718 Conlessionis
580 2650 685 2718 Socios
706 2655 911 2732 omuseunque
931 2653 1066 2718 Nationis
1088 2654 1214 2719 eandem
1236 2653 1325 2718 iidem
1347 2662 1376 2716 et
1396 2651 1581 2736 licligionen
1609 2654 1772 2736 eademque
1795 2671 1885 2722 sacra
1911 2655 2045 2722 colentes
2169 2711 2173 2721 ,

213 2777 256 2856 ⁸et
275 2769 386 2836 ibidem
407 2773 593 2836 sacrosancti
614 2769 770 2852 Evangelii
791 2772 1082 2850 interpretationem,
1104 2771 1368 2838 Sacramentorum
1389 2771 1683 2840 admmisuacionen
1711 2775 2044 2858 celebrassemus

226 2886 392 2972 Religionis
413 2907 467 2956 sue
489 2891 591 2954 munia
613 2897 642 2953 et
663 2905 711 2953 res
733 2888 951 2954 ecclesiasticas
972 2906 1029 2972 pro
1051 2906 1136 2954 more
1157 2891 1238 2971 apud
1260 2906 1331 2954 suos
1353 2898 1473 2970 recepto
1495 2897 1523 2954 et
1540 2891 1657 2975 legibus
1672 2896 1779 2974 patriis
1791 2895 1961 2974 approbato
1975 2911 2043 2977 per·-

224 3023 326 3091 agere,
348 3009 462 3088 absque
484 3009 549 3075 ullo
569 3007 797 3090 impedimento,
831 3010 871 3073 ab
899 3009 975 3090 ipsis
995 3008 1109 3074 lacobo
1129 3009 1297 3086 lacobson,
1328 3006 1459 3072 lohanni
1478 3007 1665 3090 mentuett,
1701 3011 1861 3077 Theodoro
1881 3012 2042 3092 lacobson,

223 3125 313 3190 Petro
335 3123 431 3206 Splid‚
453 3125 567 3193 Stataio
589 3127 706 3192 Abrens
727 3135 756 3191 et
776 3126 903 3192 Nicolao
924 3126 1020 3210 lleyn,
1042 3126 1203 3191 heredibus
1224 3136 1276 3191 aut
1297 3127 1459 3211 assignatis
1481 3128 1543 3192 suis
1569 3130 1850 3211 quomodocumque
1870 3148 1924 3197 seu
1945 3133 2042 3214 quali·

223 3254 386 3325 tercunque
407 3245 515 3310 flendo.
559 3245 701 3310 Dedimus
723 3249 814 3310 etiam
835 3245 960 3312 ulterius
987 3253 1016 3310 et
1037 3263 1093 3328 per
1113 3251 1266 3328 presentes
1287 3241 1393 3311 damus
1423 3251 1452 3310 et
1480 3243 1691 3313 confirmamus
1719 3247 1836 3329 prelato
1857 3249 1972 3316 Jacobo
1991 3251 2042 3316 la-

224 3363 349 3442 cobson,
369 3364 500 3428 lohanni
520 3364 704 3442 beemltuell,
727 3363 886 3429 Theodoro
907 3364 1073 3443 lacobson,
1095 3363 1184 3428 Petro
1205 3363 1310 3445 Splid‚
1343 3363 1457 3431 Statzio
1478 3363 1595 3430 Abrens
1617 3374 1647 3429 et
1666 3365 1792 3432 Nicolao
1813 3367 1898 3451 lleyu
1920 3371 2041 3451 plenam

223 3483 376 3547 licentiam
397 3491 426 3572 et
447 3481 659 3548 authoritatem
680 3481 825 3547 laudandi
847 3489 876 3546 et
897 3482 1030 3565 erigendi
1052 3479 1145 3546 Edem
1166 3495 1283 3546 sacram
1306 3484 1335 3546 in
1363 3489 1393 3546 et
1419 3499 1511 3565 super
1538 3481 1637 3547 solum
1662 3483 1830 3565 predictum
1857 3487 2042 3570 eandemque

222 3603 266 3668 sic
289 3610 322 3668 ut
342 3599 492 3682 prefertur
513 3599 670 3668 fundatam
692 3609 721 3666 et
742 3607 869 3694 erectam
892 3601 1023 3686 augendi
1045 3597 1265 3682 decorandique
1286 3619 1336 3680 eo,
1368 3619 1428 3682 quo
1451 3602 1620 3667 veneranda
1642 3601 1711 3673 fidei
1731 3606 1865 3688 misteria
1887 3605 1971 3672 dccet
1992 3624 2043 3672 or-

222 3729 303 3791 natu.
347 3721 460 3788 Damus
480 3722 571 3789 wem
593 3728 623 3786 et
642 3739 697 3802 per
717 3729 872 3801 presemes
894 3719 1090 3786 concedimus
1111 3737 1169 3801 pro
1179 3717 1283 3800 Nobis,
1305 3717 1471 3788 lleredibus
1485 3720 1756 3790 etsnccessoribns
1773 3727 1895 3806 assub,
1915 3726 2041 3807 prelatis

221 3839 335 3906 laccho
349 3841 510 3918 lacobson,
532 3839 664 3906 iohanni
677 3839 861 3917 meamet,
884 3839 1045 3904 Tbeodoro
1064 3838 1228 3918 lacomon,
1248 3839 1337 3905 Petro
1357 3837 1456 3922 Splid‚
1477 3839 1593 3908 sanic
1611 3841 1733 3908 Abrens
1752 3850 1783 3910 et
1802 3843 1928 3910 llicolao
1945 3845 2043 3928 llepn,

222 3957 305 4038 qood
325 3961 384 4038 ipsi
404 3967 435 4023 et
455 3973 561 4024 eorum
582 3960 805 4037 superviventes
827 3957 922 4038 aliqui
943 3956 981 4022 de
1002 3966 1139 4039 tempore
1158 3958 1190 4021 in
1212 3967 1369 4038 tanpusa
1390 3959 1463 4024 dato
1482 3961 1668 4041 presmtiom
1688 3962 1721 4025 in
1751 3965 1904 4044 perpetuis
1932 3939 2040 4030 tutoris

222 4075 408 4156 temporibus
429 4075 558 4140 babeant
580 4086 609 4142 et
630 4077 761 4142 babituri
783 4084 853 4141 sont
872 4076 993 4159 plenam
1015 4074 1179 4154 beentiam,
1201 4083 1379 4157 potestatem
1401 4083 1431 4143 et
1451 4078 1661 4144 authoritatem
1684 4081 1877 4158 remorandi,
1899 4081 2039 4167 eligendi,

220 4194 341 4262 locandi
361 4189 392 4258 et
411 4195 609 4259 constituendi
630 4213 791 4276 personam
813 4205 843 4262 et
862 4211 1009 4276 personas
1030 4195 1161 4260 habilem
1182 4201 1212 4260 et
1233 4195 1358 4277 habiles,
1381 4196 1521 4263 idoneam
1542 4205 1571 4263 et
1592 4197 1716 4266 idoneas
1733 4199 1772 4264 ad
1794 4199 1893 4265 officia
1910 4199 2040 4268 llinistri

221 4324 251 4380 et
270 4312 457 4392 Sacerdotis,
479 4313 593 4378 berani
614 4321 643 4378 et
662 4313 863 4380 lucumhentis
884 4317 915 4380 in
937 4315 1072 4382 Ecclesia
1093 4314 1307 4412 predictasic
1326 4324 1359 4380 ut
1378 4315 1545 4400 prefertur,
1574 4317 1717 4404 erigenda
1739 4315 1924 4414 lungendum
1951 4330 1981 4385 et
2007 4323 2039 4386 in

220 4437 317 4509 suern
338 4433 544 4509 ministrandis
566 4432 703 4512 aliosque
723 4433 895 4501 heoderico
917 4451 1023 4500 omnes
1043 4433 1197 4500 ldinistros
1218 4435 1425 4502 incumbentes
1445 4445 1474 4502 et
1500 4435 1663 4505 officiarios
1688 4440 1720 4500 in
1746 4436 1803 4504 hac
1828 4445 1917 4520 parte
1936 4456 2039 4506 neom

219 4555 318 4619 sorios
346 4561 377 4618 et
402 4551 526 4616 idoneos
554 4567 764 4631 quoscunque,
798 4568 910 4631 eosque
940 4553 1119 4634 dbpouetdi
1147 4555 1233 4620 toties
1262 4556 1378 4634 quooas
1398 4564 1430 4622 et
1456 4564 1549 4636 prout
1575 4555 1722 4634 predictis
1739 4555 1855 4621 decom
1874 4555 2035 4637 tacobsnn

220 4671 350 4737 lohanni
371 4669 553 4748 bemhudl
575 4667 736 4734 theodoro
755 4667 915 4748 lacohson,
938 4671 1027 4736 Patro
1048 4670 1152 4754 Splid‚
1174 4671 1286 4739 Statuio
1308 4674 1428 4740 hhrens
1448 4683 1477 4739 et
1491 4671 1621 4738 *Nicolno
1642 4671 1737 4756 lleyn,
1759 4675 1918 4741 herodionis
1940 4685 1969 4741 et
1990 4693 2038 4742 as·

221 4791 347 4872 signatis
368 4791 441 4869 sois,
463 4787 612 4853 videbitur
633 4789 664 4853 id
687 4789 832 4870 expediri.
875 4785 913 4851 Et
934 4789 1060 4855 ulterius
1081 4787 1288 4859 mandavimus
1310 4801 1339 4858 et
1360 4809 1418 4874 per
1435 4797 1590 4873 presentes
1611 4791 1738 4856 tirmiter
1747 4789 1930 4877 iniungendo
1952 4807 2038 4860 man·

220 4907 329 4972 damus
350 4917 379 4973 et
400 4908 584 4991 precipimus
605 4905 842 4988 Archiepiscopo
864 4903 1083 4988 Cantuariensi,
1105 4905 1255 4994 Episcopo
1276 4911 1468 4989 londinensi,
1489 4909 1607 4992 Maiori,
1629 4907 1859 4978 vicecomitibus
1881 4921 1910 4978 et
1932 4909 2037 4979 hlder-

220 5030 339 5092 mannis
361 5025 495 5092 Civitatis
523 5036 644 5092 nostrae
666 5025 791 5092 london
819 5036 850 5092 et
873 5029 1097 5094 successoribus
1125 5032 1188 5096 suis
1216 5033 1278 5094 sive
1307 5029 1446 5094 omnibus
1473 5039 1503 5094 et
1529 5030 1658 5114 singulis
1685 5032 1753 5096 aliis
1782 5029 2035 5116 archiepiscopis,

219 5144 389 5228 Episcopis,
410 5146 605 5226 iusticiariis‚
629 5145 806 5226 officiariis,
834 5147 977 5212 llinistris
998 5155 1028 5212 et
1048 5148 1175 5214 subditis
1198 5147 1308 5213 nocuis
1329 5149 1573 5229 quibuscunque,
1606 5149 1688 5229 quod
1708 5153 1883 5230 permittant
1897 5153 1940 5224 ,de
1963 5159 2035 5218 tem·

218 5277 296 5342 pore
315 5267 346 5328 in
368 5271 487 5345 tempus
508 5273 538 5330 et
558 5267 711 5349 perpetuis
737 5265 847 5333 tuturis
875 5267 1062 5346 temporibus
1087 5265 1223 5348 prelatos
1243 5263 1350 5334 Socim
1369 5268 1563 5352 augustanae
1583 5265 1807 5348 Contentionis,
1837 5270 1883 5346 sic
1909 5280 1942 5336 nt
1965 5285 2036 5353 prc-

1779 5419 1832 5476 ab*
