4998 6256
1215 480 1325 578 14⁰8,
1351 485 1495 563 Febrem
1520 483 1580 556 na,

631 769 730 852 Sopor
751 785 812 850 coc
834 766 1010 837 willelmus
1032 767 1157 845 boutbe,
1180 767 1327 840 ilenricus
1349 769 1481 848 Barton,
1510 769 1645 837 Tbomas
1667 769 1759 855 Ppclx-
1777 779 1808 836 et
1826 771 1981 839 lebannes
2001 769 2199 854 lteynwell,
2230 771 2337 838 cobes-

481 901 560 956 tcres
582 887 697 953 decime
719 906 755 953 ac
776 888 946 954 medietatis
968 887 1084 955 decime
1105 887 1221 954 domini
1243 891 1325 971 regis
1346 907 1402 971 per
1427 890 1673 956 communitatem
1701 891 1789 972 regni
1815 891 1863 954 soi
1884 889 1993 974 anglic
2020 890 2138 956 uttbnc
2172 906 2336 956 concessa-

479 1025 546 1074 rum
569 1009 601 1072 in
624 1008 744 1072 ciuitate
765 1005 903 1083 london,
927 1015 957 1070 et
977 1005 1110 1092 nomas
1130 1005 1298 1086 Bristowe,
1326 1007 1480 1074 lebannes
1502 1007 1615 1086 llows,
1644 1005 1791 1074 Ricardos
1818 1007 1925 1075 Fisber
1947 1017 1979 1072 et
2005 1007 2176 1077 lebannes
2208 1008 2334 1089 tteyner,

477 1126 714 1192 subcollectcrea
736 1125 943 1204 predictorum
965 1121 1124 1203 Willelmi,
1146 1123 1277 1204 tierrici,
1300 1125 1417 1192 Tbcme
1438 1125 1505 1209 Pylr
1526 1134 1558 1190 et
1572 1125 1725 1194 mannes
1740 1125 1889 1192 lteinwelt
1911 1128 1942 1190 in
1964 1125 2071 1198 warda
2096 1127 2142 1192 dc
2167 1126 2333 1209 Douegate,

477 1244 560 1310 dicto
581 1246 703 1312 domino
727 1244 792 1326 regi
813 1245 845 1307 io
869 1242 1053 1310 cancellaria
1074 1260 1129 1309 son
1152 1243 1370 1322 certificarent,
1399 1261 1456 1325 pro
1478 1261 1515 1308 ec
1537 1245 1619 1326 quod
1641 1253 1824 1312 mercatores
1845 1245 2032 1325 infrascripti
2052 1245 2092 1310 de
2119 1244 2234 1310 blaesa
2258 1262 2332 1310 oon·

478 1371 631 1430 monotes
652 1372 723 1428 sunt
745 1371 775 1428 et
795 1369 1009 1428 conversantes
1028 1363 1061 1426 in
1083 1363 1202 1427 civitate
1224 1371 1254 1426 et
1274 1361 1382 1428 warda
1404 1363 1558 1445 predictis,
1576 1371 1610 1441 et
1632 1363 1773 1444 perdice
1795 1372 1826 1428 et
1846 1381 1942 1430 annos
1964 1366 1995 1428 in
2015 1363 2139 1428 codem
2163 1366 2331 1430 civitaten

478 1483 586 1548 warda
608 1489 835 1549 commorantes
854 1480 993 1558 luerunt,
1028 1488 1058 1544 et
1082 1477 1195 1548 domoc
1214 1499 1256 1548 ac
1276 1479 1466 1549 mansiones
1487 1483 1519 1545 in
1542 1480 1648 1548 eadem
1670 1481 1778 1550 warda
1804 1502 1878 1569 pce,
1892 1497 1927 1548 sc
1957 1492 2138 1556 unacmm
2162 1493 2195 1548 et
2218 1493 2328 1564 teneat,

479 1608 510 1666 ct
529 1603 562 1666 in
584 1603 628 1666 eis
650 1617 706 1682 per
726 1617 759 1664 se
781 1599 1025 1666 inhabitaverunt
1045 1607 1075 1664 et
1097 1599 1283 1678 inhabitant,
1313 1608 1344 1664 et
1369 1600 1448 1664 bona
1476 1608 1507 1664 et
1527 1600 1638 1666 catalla
1667 1617 1723 1666 sua
1745 1618 1782 1664 ac
1802 1603 2012 1680 possessiones
2033 1602 2063 1666 in
2085 1600 2207 1669 eadem
2231 1602 2329 1666 warda

483 1720 657 1796 babuerunt
678 1727 707 1783 et
728 1717 858 1796 babent,
889 1719 969 1782 sicut
990 1719 1082 1782 ceteri
1104 1717 1241 1794 beminen
1263 1718 1372 1802 buglis
1394 1718 1472 1784 dicte
1494 1716 1626 1784 ciuitatis
1652 1717 1779 1796 babent,
1812 1721 1923 1785 assessi
1952 1718 2076 1784 luerunt
2107 1735 2173 1800 pro
2198 1720 2327 1784 boniset

481 1837 601 1904 catallis
629 1838 693 1904 suia
720 1839 751 1901 in
773 1837 856 1902 dicta
883 1837 989 1902 warda
1019 1837 1213 1902 existentibus
1242 1837 1383 1902 vicesimo
1405 1835 1454 1903 die
1474 1835 1612 1902 ianuarii
1636 1838 1775 1917 proxime
1802 1840 1964 1916 preterito,
1996 1845 2066 1903 anm
2094 1837 2211 1905 datum
2234 1837 2325 1900 breuis

479 1956 618 2038 predicti,
639 1957 671 2020 in
694 1955 841 2036 parocbia
861 1955 1006 2020 Omnium
1029 1952 1210 2022 Sanctortm
1232 1971 1343 2039 magna
1366 1953 1501 2033 madon,
1523 1955 1563 2022 ad
1585 1957 1692 2040 viginti
1713 1955 1839 2034 solidos,
1862 1973 1919 2036 pro
1940 1957 2041 2036 prima
2060 1955 2235 2023 medietate
2256 1954 2325 2018 dicte

479 2075 596 2140 decime
616 2092 673 2155 per
693 2073 843 2141 Tbomam
865 2071 1069 2152 Cullewortb,
1096 2075 1267 2140 tobanncm
1288 2072 1447 2154 Simpson,
1469 2073 1639 2138 tcbcnnen
1660 2073 1755 2152 Kent,
1785 2073 1964 2140 Nicbolaum
1993 2073 2099 2152 Coob,
2139 2073 2323 2140 willelmum

480 2193 627 2259 ttocmtt
649 2200 679 2258 et
700 2192 890 2262 willelmum
915 2191 1031 2271 Boron,
1067 2208 1239 2258 assessores
1267 2190 1380 2259 electos
1407 2207 1463 2270 per
1490 2207 1597 2258 omnes
1625 2191 1764 2258 bemioes
1791 2192 1870 2256 dicte
1902 2192 2023 2270 warde,
2057 2191 2099 2256 ad
2132 2191 2322 2256 assidendum

479 2327 586 2376 omnes
607 2291 747 2378 homines
768 2311 904 2376 eimdem
925 2310 1032 2374 warde
1052 2327 1111 2390 pro
1133 2311 1233 2391 prima
1256 2308 1414 2374 medietate
1436 2309 1515 2384 dicte
1535 2309 1668 2388 decime,
1696 2326 1754 2389 pro
1777 2311 1864 2374 bonis
1886 2319 1916 2374 et
1937 2311 2055 2376 catallis
2077 2312 2149 2378 suis
2174 2313 2206 2376 in
2227 2311 2321 2374 eaden

480 2431 588 2496 warda
609 2431 816 2496 existentibus.
860 2427 898 2492 Et
919 2443 975 2508 pro
997 2444 1034 2492 co
1057 2427 1139 2507 quod
1159 2427 1289 2509 predicti
1315 2435 1498 2494 mercatores
1519 2427 1558 2492 de
1579 2427 1676 2494 banse
1697 2428 1795 2494 dictos
1817 2430 1922 2510 dginti
1949 2428 2065 2494 solidos
2092 2429 2221 2494 solvere
2247 2445 2319 2492 recu·
2397 2433 2398 2460 ³

481 2557 598 2626 aarum,
631 2548 760 2627 predicti
781 2546 1018 2612 suboollectores
1039 2546 1117 2611 duas
1138 2545 1267 2627 patellas
1290 2562 1397 2625 eneas,
1427 2547 1532 2610 decem
1554 2546 1724 2612 solidorum
1745 2548 1858 2626 precii,
1890 2547 1928 2612 dc
1950 2547 2038 2612 bonis
2060 2555 2091 2610 et
2116 2547 2241 2614 catallis
2262 2563 2319 2627 pre

482 2667 633 2730 dicmrum
655 2673 860 2730 mercatorum
881 2665 919 2727 de
941 2663 1037 2728 banse
1060 2664 1316 2738 vicesimotertio
1338 2664 1387 2729 die
1414 2664 1488 2730 dicti
1518 2666 1631 2730 mensis
1658 2663 1795 2731 ianuarii
1824 2667 1946 2730 nomine
1972 2667 2177 2732 districtionis
2205 2667 2236 2728 in
2261 2682 2318 2744 pre

481 2784 563 2850 dicte
585 2783 732 2866 parocbia
754 2791 914 2864 ceperunt3
936 2791 966 2848 et
986 2782 1159 2850 boiosmodi
1180 2781 1385 2850 districtiones
1406 2799 1463 2865 per
1483 2782 1661 2848 collectores
1690 2791 1719 2848 et
1747 2783 1984 2850 subcollectores
2010 2785 2091 2850 dicte
2123 2785 2234 2852 warde
2261 2783 2317 2864 plo·

480 2905 567 2968 ribus
588 2904 703 2970 vicibus
723 2918 819 2984 supra
839 2900 1013 2966 huiusmodi
1035 2903 1267 2980 mercatoribus,
1289 2909 1359 2982 post
1381 2899 1599 2968 conlectionem
1621 2909 1704 2966 carte
1726 2901 1877 2982 predicte,
1900 2910 1988 2983 capte
2010 2901 2097 2968 luere
2121 2913 2153 2967 ct
2175 2915 2317 2980 nonquam

481 3021 619 3088 liberate.
663 3021 700 3088 Et
718 3019 773 3086 bec
790 3027 835 3086 est
852 3036 956 3096 causa,
976 3035 1073 3098 quare
1095 3017 1270 3087 mandatum
1291 3018 1364 3085 dicti
1385 3019 1501 3086 domini
1522 3021 1603 3102 regis
1624 3019 1702 3084 alias
1723 3020 1782 3084 sibi
1803 3019 1873 3090 iude
1890 3021 2038 3086 directum
2059 3025 2176 3102 exequi
2198 3037 2257 3087 non
2274 3017 2315 3080 de
2398 3096 2399 3119 χ

479 3141 622 3206 buerum.
669 3139 710 3204 dc
733 3147 794 3206 mm
816 3137 964 3202 Nicbolao
987 3137 1131 3216 Wotton,
1159 3155 1239 3204 nunc
1260 3136 1457 3206 aldermaono
1479 3137 1586 3204 warde
1605 3137 1757 3220 predicte,
1786 3147 1816 3201 et
1837 3138 2049 3208 couectcrtbos
2070 3148 2103 3204 et
2126 3138 2315 3204 subcotlecto

479 3260 567 3324 ribus
588 3255 744 3337 predictis,
767 3273 860 3336 uuam
882 3255 1012 3320 ilenrico
1034 3253 1209 3336 Smytman,
1241 3253 1371 3322 ilenrico
1397 3255 1549 3340 Migrare,
1575 3254 1781 3322 llildebrandc
1802 3254 1910 3338 llegen
1933 3263 1963 3322 et
1983 3255 2195 3322 llildebrando
2217 3253 2314 3322 Sudcr·

479 3393 571 3444 mann
593 3376 631 3440 de
652 3375 764 3452 banse,
796 3376 917 3441 nomine
938 3384 968 3439 et
988 3391 1046 3455 pro
1067 3383 1155 3456 parte
1176 3380 1379 3440 mercatorum
1399 3374 1606 3456 predictorum
1632 3376 1663 3440 in
1685 3373 1766 3438 dicta
1787 3373 1971 3440 macellaria
1993 3376 2261 3456 comparentibus,
2285 3371 2312 3432 ii·

480 3495 549 3560 mro
571 3494 798 3572 aldermannus,
821 3493 1000 3558 collectores
1021 3501 1052 3559 st
1073 3491 1309 3558 subcollectores
1330 3492 1507 3560 obiecerunt
1528 3501 1559 3558 et
1579 3492 1762 3575 elegerunt,
1785 3491 1868 3571 quod
1880 3491 1952 3556 dicti
1960 3497 2155 3560 mercatores
2171 3494 2211 3558 de
2222 3491 2311 3562 bama

482 3616 514 3680 iu
539 3613 647 3678 warda
674 3612 810 3692 predicta
839 3619 1062 3678 commorantes
1087 3611 1236 3676 solucioni
1257 3611 1297 3677 de
1315 3610 1433 3679 decime
1454 3616 1484 3674 et
1505 3610 1674 3676 medietatis
1696 3611 1812 3676 decime
1833 3610 2040 3691 predictantm
2061 3613 2254 3676 contribuere
2272 3605 2312 3668 dc

481 3731 554 3794 bant
574 3737 604 3794 et
627 3737 782 3808 tenentur,
810 3737 904 3810 prout
924 3732 984 3812 ipsi
1006 3729 1109 3796 decem
1131 3729 1247 3797 eobdos
1269 3730 1350 3794 circa
1377 3727 1527 3796 dccbaom
1556 3736 1695 3795 courum
1724 3736 1754 3794 et
1780 3729 1931 3795 decimum
1957 3745 2071 3796 nonum
2099 3745 2212 3794 annum
2238 3723 2309 3806 regui

481 3849 598 3916 domini
619 3847 757 3926 ilicardi,
786 3865 883 3928 nuper
905 3851 987 3932 regis
1010 3847 1119 3931 buglis
1140 3847 1266 3912 secundi
1288 3855 1358 3928 post
1379 3853 1595 3930 conquestum,
1611 3846 1646 3925 ¹)
1680 3863 1741 3928 quo
1765 3855 1901 3930 tempore
1923 3848 2056 3914 Thomas
2077 3846 2207 3914 Knollm
2227 3842 2310 3910 alder¹

482 3983 613 4034 mannus
634 3965 742 4032 warde
769 3963 853 4030 ilbos
875 3969 1031 4047 extiterat,
1061 3983 1118 4046 pro
1141 3966 1259 4032 decima
1286 3964 1383 4032 cidem
1405 3982 1503 4050 nuper
1524 3967 1591 4050 regi
1612 3963 1648 4030 n.
1671 3981 1814 4030 concessa
1843 3983 1911 4032 com
1933 3965 2107 4032 bominibus
2130 3963 2235 4030 warde
2253 3975 2310 4042 prt-

480 4085 561 4152 dicte
587 4084 810 4165 persolverunt.
862 4083 1033 4166 Prolatiquc
1060 4093 1245 4152 mercatores
1272 4085 1303 4148 io
1331 4083 1537 4150 exclusionem
1564 4084 1741 4153 obiectionis
1770 4094 1800 4149 et
1826 4083 2018 4170 allegationis
2043 4085 2247 4170 predictarum
2272 4092 2308 4140 es

477 4211 648 4282 senuerunt,
671 4203 753 4284 quod
774 4204 836 4286 ipsi
858 4202 954 4268 noos
976 4203 1080 4268 decem
1101 4203 1217 4268 sobdos
1238 4202 1454 4269 collectoribus
1475 4202 1555 4268 dicte
1577 4202 1693 4268 decime
1714 4203 1812 4270 eidem
1836 4220 1934 4288 nuper
1955 4205 2020 4290 regi
2041 4203 2076 4270 n.
2099 4216 2240 4268 concesse
2260 4207 2307 4258 nou

478 4325 589 4388 virtute
608 4323 738 4388 aucuns
755 4323 936 4390 accessionis
952 4323 1015 4387 sive
1034 4321 1252 4407 compulsipnis
1270 4322 1302 4387 in
1322 4321 1379 4386 bac
1396 4329 1483 4400 parte
1500 4337 1569 4388 cum
1585 4320 1761 4390 bominibus
1771 4320 1916 4401 predictis
1929 4321 2150 4402 persolverunt,
2172 4317 2224 4384 sed
2239 4305 2306 4392 otti

477 4443 537 4523 tpct
557 4441 681 4510 eosdem
703 4442 808 4508 decem
830 4440 945 4508 solidos
968 4441 1009 4506 ad
1031 4456 1147 4507 meram
1169 4442 1380 4506 excitationem
1402 4448 1432 4506 ct
1453 4439 1627 4507 instantiam
1650 4438 1777 4520 predicti
1799 4437 1934 4504 Tbomae
1952 4439 2076 4504 Knolles
2099 4435 2136 4506 in
2159 4428 2305 4504 casdim

476 4573 507 4628 et
528 4559 758 4630 rdmmtccom
780 4557 990 4651 quomodote
1009 4577 1197 4648 pauperum
1216 4555 1363 4627 eiusdem
1384 4554 1513 4642 morde,
1547 4565 1618 4624 tunc
1645 4556 1859 4623 collectoribus
1887 4556 1965 4624 dicte
1992 4555 2108 4625 decitm
2138 4553 2232 4620 eidem
2251 4541 2304 4624 ribi

476 4679 514 4746 ll·
535 4697 690 4760 nonem,
711 4683 823 4748 intuitu
845 4683 981 4746 caritatis
1003 4697 1040 4745 ac
1062 4687 1231 4762 spontanea
1254 4678 1425 4754 voluntate,
1455 4682 1484 4742 et
1511 4692 1571 4740 non
1594 4675 1701 4754 aliter,
1730 4675 1886 4740 solverunt
1918 4691 1973 4742 nec
2001 4674 2118 4740 soluere
2145 4667 2303 4734 debuerunt

475 4798 513 4864 tn
532 4815 629 4880 snper
649 4800 708 4868 boc
729 4800 868 4884 prelatus
889 4799 1024 4866 lbomas
1045 4797 1171 4867 helles
1193 4799 1225 4862 in
1246 4797 1328 4862 dicta
1350 4794 1546 4874 sanctuaria,
1568 4811 1626 4875 pro
1649 4795 1774 4862 ueritate
1795 4795 1826 4861 ic
1847 4792 1906 4858 bac
1927 4801 2014 4878 parte
2036 4791 2163 4862 dicenda
2185 4794 2213 4852 et
2232 4777 2304 4846 certi·

475 4917 595 4982 dennda
615 4937 709 5001 super
730 4922 889 5001 premissis
911 4920 1117 4998 examinatos,
1152 4918 1285 4982 asserub
1305 4922 1335 4979 et
1356 4913 1510 4980 fatebatur
1531 4928 1693 4998 expresse,
1726 4911 1864 4992 prelatos
1891 4917 2075 4976 mercatores
2101 4909 2197 4974 dictos
2217 4900 2302 4966 decen

632 5176 657 5240 ¹)
687 5173 762 5228 ml.
