4866 6264
408 560 495 644 ibi]
1146 556 1257 654 1475,
1283 567 1407 654 enpust
1431 559 1490 631 ll.

411 853 529 929 posui,
557 846 702 928 ontirpmi
723 853 754 910 et
773 845 900 923 aboleri,
923 845 953 910 in
974 844 1215 912 sadsiaccionern
1236 855 1268 914 et
1287 848 1601 928 recompensacionem
1622 845 1825 926 dampnorum
1846 845 1969 913 iiiorum
1990 851 2100 925 quarm
2120 844 2238 912 detine

410 965 460 1029 die
480 963 654 1036 Decembris
674 965 778 1033 viiimo
806 967 951 1048 preteriio
978 964 1016 1030 de
1044 969 1150 1048 grecia
1176 973 1280 1034 nomeu
1308 965 1434 1044 speciali
1463 983 1520 1046 por
1546 965 1602 1036 ias
1630 974 1752 1035 nmmos
1778 971 1916 1048 pnienies
1945 965 2186 1032 munuum
2209 973 2239 1032 ei

411 1083 566 1157 Quoiam
588 1083 760 1154 dederimus
781 1085 1000 1153 morosioribus
1022 1083 1121 1156 iianse
1142 1083 1337 1164 Tbcuinnioe,
1365 1083 1376 1168 ii
1402 1086 1455 1164 uni
1475 1084 1590 1168 pitin
1612 1085 1714 1156 uitium
1735 1085 1903 1166 ιιιιῶειεειι
1923 1084 1955 1148 in
1976 1084 2097 1150 ciuiuus
2113 1081 2239 1150 Lentino

409 1202 546 1286 predicis
567 1203 678 1271 babent
699 1203 745 1270 sei
768 1203 921 1271 babebont
945 1201 1029 1286 (dae
1051 1201 1217 1292 Foipetsde
1239 1203 1326 1274 eicie
1347 1203 1383 1270 ic
1405 1202 1476 1276 ιιιει
1497 1201 1712 1290 uopssdietnse
1726 1201 1899 1291 Resaipte
1917 1201 1997 1270 cies
2014 1198 2185 1272 Nom
2196 1198 2239 1267 Vi

410 1320 480 1402 bie)
501 1321 592 1389 inerit
611 1323 650 1396 ie
671 1322 777 1398 eciem
798 1323 899 1406 gilde:
931 1331 1024 1402 prout
1044 1325 1076 1393 iu
1097 1323 1156 1391 biis
1177 1325 1289 1394 uostris
1310 1323 1455 1404 predictis
1475 1323 1595 1405 piscius
1615 1325 1802 1401 armetur,
1832 1323 1919 1390 subis
1938 1322 2135 1398 marens,
2159 1321 2239 1400 qnod

409 1451 595 1513 mercatores
618 1442 771 1524 predictus
796 1443 899 1508 uncia
927 1450 957 1507 et
977 1441 1152 1511 cnninusis
1180 1443 1385 1513 nemaudtsas
1412 1453 1442 1511 et
1470 1445 1749 1512 morimonianus
1776 1443 1960 1512 mnicnctin
1987 1449 2017 1506 et
2038 1440 2242 1521 separatius

410 1563 650 1642 qutmscuncuc
670 1562 807 1642 pertibus
828 1562 938 1632 exieris
959 1563 989 1629 iu
1011 1577 1137 1644 ιεςιιιιιιι
1160 1571 1297 1632 nostrum
1318 1562 1486 1642 predictum
1516 1566 1546 1631 in
1569 1560 1668 1630 forma
1688 1560 1827 1640 predicta
1846 1560 2000 1628 adducere
2018 1569 2048 1626 et
2068 1557 2181 1626 ibidu
2202 1557 2242 1622 nd

412 1690 524 1746 terram
546 1697 661 1760 ponere
680 1688 711 1746 et
731 1680 792 1744 alia
812 1681 1017 1748 mercandises
1039 1689 1068 1746 oi
1089 1681 1284 1750 mercimonia
1305 1697 1362 1744 sna
1384 1689 1413 1744 et
1434 1697 1540 1750 eorem
1562 1681 1723 1750 cuiosiibei
1741 1689 1770 1746 et
1791 1680 2009 1760 conturbet,
2037 1677 2244 1744 mercandisas

412 1799 533 1882 stupnic
558 1815 618 1867 non
646 1801 818 1877 subterias,
852 1801 882 1866 in
910 1808 1000 1880 punio
1029 1799 1166 1880 prerucm
1194 1804 1226 1864 in
1253 1801 1491 1880 quibuscumque
1524 1801 1652 1868 nauibus
1684 1799 1733 1868 rei
1758 1800 1838 1868 essu
1865 1813 1994 1876 ponere,
2027 1797 2191 1877 esiippere
2216 1805 2247 1862 ct

412 1921 451 1984 ad
482 1927 584 2002 partes
624 1927 742 1986 exiertu
775 1917 932 1988 traducere
970 1922 1162 1998 permittatis.
1216 1917 1354 2000 Quorum
1387 1921 1522 1990 omniurn
1553 1918 1815 1986 mercandisnrttnn
1843 1919 1887 1984 sic
1919 1916 2166 1984 &ducendane-
2198 1917 2246 1980 nei

411 2038 634 2110 cmosmracs
661 2045 797 2112 motusue
828 2045 858 2104 et
879 2037 1015 2109 subsidia
1041 2040 1124 2106 iunia
1152 2046 1249 2108 raiom
1279 2047 1311 2105 et
1337 2039 1536 2118 omoiituem
1563 2037 1718 2118 predictas
1736 2045 1767 2102 ei
1787 2051 1848 2106 stou
1870 2037 1950 2102 rura
1968 2051 2029 2115 pro
2048 2038 2195 2104 crstcnis
2216 2045 2248 2100 et

412 2157 556 2230 subsidiis
581 2156 840 2225 nemmdbsmm
853 2199 855 2206 ·
869 2173 995 2230 enarum
1027 2157 1067 2222 cd
1093 2157 1205 2226 dictam
1231 2173 1381 2226 summanr
1407 2157 1511 2224 moero
1543 2157 1676 2226 udinem
1702 2157 1852 2225 librarum
1876 2157 1911 2222 in
1937 2163 1998 2222 taio
2025 2173 2062 2222 se
2088 2159 2245 2238 mgent,

411 2279 554 2358 ipsosque
580 2285 763 2350 mmcstcres
791 2278 857 2344 sine
883 2292 989 2344 eorum
1016 2275 1148 2356 dionem
1176 2284 1330 2348 custumes
1355 2285 1386 2342 ei
1413 2276 1547 2348 subsidia
1575 2275 1710 2356 predicis
1745 2277 1829 2344 iuxta
1859 2283 1958 2342 reum
1990 2281 2020 2340 et
2047 2277 2244 2353 mmiimiem

413 2395 565 2478 predictos
593 2395 805 2467 adsumptum
827 2394 996 2476 prodiciam
1016 2395 1211 2476 minuentis,
1240 2395 1355 2474 absque
1383 2394 1538 2480 aiirpribue¹
1563 2396 1711 2464 custumis
1737 2403 1768 2460 ci
1795 2393 1938 2462 Νῶε
1967 2393 2054 2460 neiis
2081 2400 2133 2458 ani
2159 2393 2246 2460 irere-

411 2513 501 2585 dibns
521 2518 637 2588 rustris
657 2523 709 2581 atti
729 2513 817 2584 vobis
837 2513 991 2581 sobicus
1017 2522 1049 2582 st
1068 2513 1215 2583 habendis
1237 2531 1273 2582 sc
1295 2514 1409 2593 absque
1437 2521 1579 2592 competo
1600 2530 1656 2579 sua
1676 2513 1779 2595 aborto
1801 2513 1863 2580 ebo
1884 2513 1971 2579 esuis
1992 2511 2065 2578 inde
2084 2512 2246 2578 reddendis

413 2650 467 2698 seu
488 2632 661 2711 mittendis,
694 2649 749 2712 per
770 2631 950 2701 indentnrus.
968 2632 1141 2698 huiusmodi
1163 2633 1365 2704 sdduoeioncs
1386 2641 1416 2698 ei
1438 2632 1646 2698 treduccinnes
1668 2631 1874 2708 testificantes,
1907 2633 1985 2696 inter
2006 2647 2059 2694 ros
2080 2640 2112 2696 st
2131 2647 2246 2696 merea

415 2761 496 2822 iores
517 2752 670 2836 predictos
691 2755 761 2824 siue
778 2767 884 2818 eorum
907 2751 1026 2830 alienos
1047 2751 1095 2818 sei
1117 2753 1248 2832 aliquem
1270 2752 1307 2818 de
1329 2761 1469 2834 tempore·
1492 2753 1525 2820 iu
1547 2759 1667 2832 tempos
1688 2749 2026 2829 misnicensis,
2052 2748 2092 2818 de
2113 2761 2247 2832 tempore

414 2875 446 2936 in
474 2880 594 2956 tempos
620 2871 735 2944 bebere
760 2877 792 2935 ei
823 2871 952 2944 remam
981 2871 1122 2938 simiiiter
1149 2873 1330 2951 permittetis
1356 2873 1441 2938 iunia
1469 2879 1605 2941 unumne
1631 2871 1799 2940 ibteroum
1826 2879 2000 2936 neumarum
2028 2870 2243 2950 riedirierum.

413 2991 450 3064 iit
478 3009 535 3056 nos
562 3007 620 3070 per
644 3007 771 3070 presens
796 2988 974 3059 mandatora
1007 2997 1142 3057 nostrum
1176 3008 1212 3055 ac
1239 2991 1366 3058 aiteram
1394 2997 1513 3070 partem
1543 2989 1775 3058 indenturarmn
1803 2987 2009 3069 predictarum
2037 2997 2098 3056 tam
2134 3005 2188 3054 ros
2215 2993 2244 3053 ic

416 3119 557 3190 compote
579 3117 677 3176 restro
704 3109 745 3176 ad
765 3111 952 3175 scaccarium
974 3116 1126 3187 nostrum,
1156 3125 1247 3188 quem
1269 3108 1403 3190 prefatos
1425 3117 1610 3178 mercatores
1629 3116 1662 3172 et
1680 3124 1785 3176 sortus
1806 3107 1971 3188 ouemiibet
1991 3107 2035 3172 der
2051 3113 2195 3176 cratonis
2216 3117 2246 3174 et

414 3227 561 3298 subsidiis
583 3227 728 3310 predictis
754 3231 839 3300 iunia
864 3237 964 3292 ratam
990 3235 1020 3290 et
1051 3229 1248 3307 quandiaietu
1282 3227 1434 3308 prudeus
1461 3227 1500 3298 as
1527 3243 1679 3296 summm
1703 3227 1873 3308 predictum
1898 3229 2114 3312 abnuentibus
2142 3245 2180 3294 ue
2207 3228 2245 3292 de

413 3347 555 3418 omnibns
580 3347 649 3419 eiiis
677 3348 818 3424 summo,
847 3361 905 3425 tine
931 3346 970 3412 eb
992 3347 1067 3426 ipsis
1096 3348 1314 3414 nereatsribes
1342 3347 1379 3414 ds
1406 3347 1553 3414 custumis
1580 3355 1610 3412 et
1631 3346 1774 3416 subsidiis
1794 3346 1856 3414 iilis
1877 3346 1955 3412 vitra
1981 3355 2079 3414 retem
2100 3357 2130 3410 et
2151 3363 2247 3428 qnan-

414 3469 528 3533 iitotem
550 3466 702 3548 predictas
724 3464 763 3532 ad
785 3481 863 3546 opus
885 3473 1022 3530 nostrum
1044 3483 1099 3532 seu
1120 3465 1264 3530 heredum
1287 3475 1460 3534 nostrorum
1481 3467 1562 3549 exigi
1584 3467 1730 3546 poterint,
1752 3483 1828 3550 erga
1848 3483 1905 3532 nos
1925 3475 1955 3532 et
1976 3466 2105 3532 heredes
2126 3474 2246 3532 mures

415 3585 452 3654 tie
474 3593 610 3664 tempore
632 3586 662 3647 in
684 3593 804 3666 tempus
825 3587 984 3650 exonerari
1006 3593 1037 3648 et
1058 3585 1223 3664 anemuri
1244 3583 1400 3653 iaciemus.
1434 3583 1525 3653 Teste
1546 3601 1596 3650 me
1615 3586 1694 3666 ipsu
1716 3585 1798 3664 apud
1817 3584 2131 3663 Westmonasterinm,
2154 3588 2245 3651 tercio

416 3704 463 3770 die
484 3703 574 3782 iunii,
597 3721 678 3768 anno
700 3705 786 3786 regni
808 3705 903 3768 nostri
925 3703 1158 3784 quintodecimo.
1948 3703 2041 3769 beed.

417 3955 666 4044 cxxxiii.
720 3963 888 4044 Vidimus
916 3963 1016 4043 iiber
1043 3965 1106 4045 die
1127 3965 1377 4068 Deccmemte,
1411 3963 1628 4069 dcireffecd
1656 3965 1719 4044 dic
1748 3989 1821 4045 ecre
1845 3965 1891 4044 ti.
1917 3961 2147 4046 eunomios
2178 3965 2253 4069 cof

607 4115 654 4194 ts.
685 4115 770 4197 neec
797 4116 943 4198 nocere
972 4117 1256 4224 iiberirnqereeo
1285 4119 1555 4223 Beeiiacreqcc.
1615 4117 1730 4220 1t75‚
1761 4117 1914 4222 Ancaei
1939 4119 1996 4198 11.
2018 4119 2052 4220 ¹)

481 4326 483 4335 ·
570 4299 728 4368 Universis.
745 4307 774 4362 et
795 4299 923 4384 stercus
945 4295 1059 4366 Christi
1079 4298 1217 4366 iidebbm
1238 4301 1433 4379 presenciam
1451 4299 1674 4368 eoniinmcmm·
1692 4301 1802 4368 ruens
1824 4300 1871 4366 sei
1899 4301 2069 4378 audituris,
2096 4301 2248 4368 inbutus

419 4417 529 4502 Drcpe,
552 4419 660 4496 maior,
683 4425 712 4482 ei
733 4416 921 4484 aldermanni
944 4420 1071 4484 civitatis
1087 4419 1239 4498 london⁸²
1256 4417 1385 4482 salmetn
1407 4420 1440 4484 io
1454 4417 1582 4486 Domino
1603 4421 1818 4500 sempiternam
1840 4427 1869 4484 ei
1891 4419 1981 4484 iidem
2002 4419 2157 4486 indubiam
2175 4438 2246 4500 pre-

416 4537 551 4601 sentibus
572 4535 720 4600 adhiberi.
764 4535 888 4601 Nouerii
910 4539 1087 4600 universitas
1110 4545 1225 4614 vestra,
1259 4536 1340 4616 quud
1361 4536 1629 4602 dieconieciionis
1650 4541 1837 4619 presencium
1861 4537 1989 4602 uidimus
2010 4547 2040 4603 et
2061 4542 2246 4621 inspeximus

418 4655 570 4734 quoddam
592 4656 749 4736 scriptum,
770 4655 891 4738 sigiliis,
915 4662 947 4717 nt
968 4655 1304 4732 asseritm„Wiiiieimi
1324 4653 1488 4736 Bysnuibe,
1510 4657 1675 4746 capellani,
1696 4655 1850 4720 iohannes
1872 4655 2020 4738 Briireiys,
2043 4661 2193 4738 parnasii,
2216 4670 2246 4723 et

418 4773 542 4838 ucberu
563 4772 672 4855 Treps,
695 4774 831 4850 merceri,
854 4772 965 4836 ciuium
989 4771 1135 4851 Londnn„
1157 4789 1226 4838 cera
1250 4774 1342 4840 rubra
1363 4775 1519 4854 impressis
1540 4774 1720 4858 wiotum,
1742 4780 1774 4838 in
1793 4774 1849 4840 bec
1871 4776 1972 4842 verbo.
2008 4772 2136 4865 (Falci
2155 4777 2247 4864 adipe

419 4887 484 4956 Nn.
507 4887 557 4958 nt
583 4885 921 4974 reminiscendi),
950 4887 1100 4960 Februor
1123 4889 1218 4974 26.)
1259 4891 1398 4960 Vidimus
1426 4896 1524 4959 eciam
1547 4903 1580 4959 et
1604 4895 1791 4976 inoperimus
1817 4893 1970 4973 unandanr
1996 4903 2112 4960 carim
2141 4898 2247 4963 inden-

420 5019 523 5090 mmm,
545 5010 658 5096 &millu
681 5018 716 5074 ¹¹1
735 5010 890 5088 asserum,
913 5007 1038 5078 Roborii
1054 5010 1240 5084 Cumbtrmn
1263 5015 1416 5094 armigeri,
1438 5032 1511 5078 ears
1532 5015 1622 5082 rubro
1645 5017 1792 5094 inpresso
1815 5013 1991 5095 sigillamus,
2013 5015 2045 5078 in
2066 5015 2123 5082 bae
2145 5018 2246 5084 rerba.

578 5265 601 5328 ¹)
629 5262 688 5316 bns
706 5265 793 5320 unetn
811 5265 1032 5330 bembnraieeben
1050 5267 1266 5332 cupro-ncces.
