<?xml version="1.0" encoding="UTF-8"?>
<!DOCTYPE html PUBLIC "-//W3C//DTD XHTML 1.0 Transitional//EN"
    "http://www.w3.org/TR/xhtml1/DTD/xhtml1-transitional.dtd">
<html xmlns="http://www.w3.org/1999/xhtml" xml:lang="en" lang="en">
 <head>
  <title>
</title>
<meta http-equiv="Content-Type" content="text/html;charset=utf-8" />
  <meta name='ocr-system' content='tesseract 3.04.00' />
  <meta name='ocr-capabilities' content='ocr_page ocr_carea ocr_par ocr_line ocrx_word'/>
</head>
<body>
  <div class='ocr_page' id='page_1' title='image "./urkundlichegesc00lappgoog_0196.png"; bbox 0 0 4998 6256; ppageno 0'>
   <div class='ocr_carea' id='block_1_1' title="bbox 779 595 2118 700">
    <p class='ocr_par' dir='ltr' id='par_1_1' title="bbox 779 595 2118 700">
     <span class='ocr_line' id='line_1_1' title="bbox 779 595 2118 700; baseline -0.004 -25"><span class='ocrx_word' id='word_1_1' title='bbox 779 599 890 700; x_wconf 78' lang='lat'><strong>1213,</strong></span> <span class='ocrx_word' id='word_1_2' title='bbox 914 603 978 678; x_wconf 85' lang='lat' dir='ltr'><strong>toti</strong></span> <span class='ocrx_word' id='word_1_3' title='bbox 1004 600 1141 678; x_wconf 76' lang='grc'><strong>11-</strong></span> <span class='ocrx_word' id='word_1_4' title='bbox 1167 601 1278 675; x_wconf 79' lang='lat'><strong>1214.</strong></span> <span class='ocrx_word' id='word_1_5' title='bbox 1303 639 1354 652; x_wconf 92' lang='lat'>—</span> <span class='ocrx_word' id='word_1_6' title='bbox 1381 595 1491 695; x_wconf 77' lang='lat'><strong>1215,</strong></span> <span class='ocrx_word' id='word_1_7' title='bbox 1516 599 1607 696; x_wconf 80' lang='lat' dir='ltr'><strong>April</strong></span> <span class='ocrx_word' id='word_1_8' title='bbox 1634 597 1668 671; x_wconf 88' lang='grc'><strong>7.</strong></span> <span class='ocrx_word' id='word_1_9' title='bbox 2091 602 2118 686; x_wconf 80' lang='grc'><strong>9</strong></span> 
     </span>
    </p>
   </div>
   <div class='ocr_carea' id='block_1_2' title="bbox 278 885 2120 1924">
    <p class='ocr_par' dir='ltr' id='par_1_2' title="bbox 278 885 2120 1924">
     <span class='ocr_line' id='line_1_2' title="bbox 282 885 2118 973; baseline -0.002 -19"><span class='ocrx_word' id='word_1_10' title='bbox 282 897 375 954; x_wconf 85' lang='lat' dir='ltr'><strong>totam</strong></span> <span class='ocrx_word' id='word_1_11' title='bbox 398 897 509 956; x_wconf 85' lang='lat' dir='ltr'><strong>terrem</strong></span> <span class='ocrx_word' id='word_1_12' title='bbox 532 895 667 956; x_wconf 86' lang='lat' dir='ltr'><strong>nostram</strong></span> <span class='ocrx_word' id='word_1_13' title='bbox 690 889 720 953; x_wconf 95' lang='lat' dir='ltr'><strong>in</strong></span> <span class='ocrx_word' id='word_1_14' title='bbox 740 885 860 973; x_wconf 76' lang='lat' dir='ltr'><strong>buglis.</strong></span> <span class='ocrx_word' id='word_1_15' title='bbox 900 885 1114 956; x_wconf 74' lang='lat' dir='ltr'>concessimus</span> <span class='ocrx_word' id='word_1_16' title='bbox 1135 890 1226 954; x_wconf 87' lang='lat' dir='ltr'><strong>etiam</strong></span> <span class='ocrx_word' id='word_1_17' title='bbox 1248 889 1292 954; x_wconf 87' lang='lat' dir='ltr'><strong>eis</strong></span> <span class='ocrx_word' id='word_1_18' title='bbox 1314 887 1432 952; x_wconf 80' lang='lat' dir='ltr'><strong>salvum</strong></span> <span class='ocrx_word' id='word_1_19' title='bbox 1454 887 1500 950; x_wconf 89' lang='lat' dir='ltr'><strong>ire</strong></span> <span class='ocrx_word' id='word_1_20' title='bbox 1520 893 1551 950; x_wconf 88' lang='lat' dir='ltr'><strong>et</strong></span> <span class='ocrx_word' id='word_1_21' title='bbox 1571 885 1689 952; x_wconf 82' lang='lat' dir='ltr'><strong>salvum</strong></span> <span class='ocrx_word' id='word_1_22' title='bbox 1712 888 1867 952; x_wconf 80' lang='lat' dir='ltr'><strong>venusin</strong></span> <span class='ocrx_word' id='word_1_23' title='bbox 1890 893 1984 951; x_wconf 87' lang='lat' dir='ltr'><strong>totam</strong></span> <span class='ocrx_word' id='word_1_24' title='bbox 2007 893 2118 951; x_wconf 86' lang='lat' dir='ltr'><strong>terram</strong></span> 
     </span>
     <span class='ocr_line' id='line_1_3' title="bbox 281 1003 2120 1090; baseline -0.003 -18"><span class='ocrx_word' id='word_1_25' title='bbox 281 1015 416 1074; x_wconf 89' lang='lat' dir='ltr'><strong>nostram</strong></span> <span class='ocrx_word' id='word_1_26' title='bbox 438 1005 557 1090; x_wconf 77' lang='lat' dir='ltr'><strong>Anglie,</strong></span> <span class='ocrx_word' id='word_1_27' title='bbox 580 1009 658 1072; x_wconf 84' lang='lat' dir='ltr'><strong>simu</strong></span> <span class='ocrx_word' id='word_1_28' title='bbox 673 1005 844 1088; x_wconf 87' lang='lat' dir='ltr'><strong>predictum</strong></span> <span class='ocrx_word' id='word_1_29' title='bbox 865 1014 921 1086; x_wconf 86' lang='lat' dir='ltr'><strong>esi,</strong></span> <span class='ocrx_word' id='word_1_30' title='bbox 943 1015 973 1072; x_wconf 91' lang='lat' dir='ltr'><strong>et</strong></span> <span class='ocrx_word' id='word_1_31' title='bbox 994 1007 1076 1087; x_wconf 80' lang='lat' dir='ltr'><strong>quod</strong></span> <span class='ocrx_word' id='word_1_32' title='bbox 1097 1007 1191 1072; x_wconf 88' lang='lat' dir='ltr'><strong>iibere</strong></span> <span class='ocrx_word' id='word_1_33' title='bbox 1212 1007 1331 1088; x_wconf 89' lang='lat' dir='ltr'><strong>possint</strong></span> <span class='ocrx_word' id='word_1_34' title='bbox 1351 1007 1395 1070; x_wconf 92' lang='lat' dir='ltr'><strong>ire</strong></span> <span class='ocrx_word' id='word_1_35' title='bbox 1417 1005 1458 1070; x_wconf 89' lang='lat' dir='ltr'><strong>ad</strong></span> <span class='ocrx_word' id='word_1_36' title='bbox 1478 1003 1572 1070; x_wconf 83' lang='lat' dir='ltr'><strong>lenias</strong></span> <span class='ocrx_word' id='word_1_37' title='bbox 1593 1022 1649 1086; x_wconf 92' lang='lat' dir='ltr'><strong>per</strong></span> <span class='ocrx_word' id='word_1_38' title='bbox 1669 1011 1764 1070; x_wconf 89' lang='lat' dir='ltr'><strong>totam</strong></span> <span class='ocrx_word' id='word_1_39' title='bbox 1786 1013 1898 1070; x_wconf 88' lang='lat' dir='ltr'><strong>terram</strong></span> <span class='ocrx_word' id='word_1_40' title='bbox 1921 1013 2066 1084; x_wconf 88' lang='lat' dir='ltr'><strong>nostram,</strong></span> <span class='ocrx_word' id='word_1_41' title='bbox 2089 1013 2120 1068; x_wconf 91' lang='lat' dir='ltr'><strong>et</strong></span> 
     </span>
     <span class='ocr_line' id='line_1_4' title="bbox 281 1122 2118 1205; baseline -0.002 -15"><span class='ocrx_word' id='word_1_42' title='bbox 281 1141 381 1190; x_wconf 90' lang='lat' dir='ltr'><strong>emere</strong></span> <span class='ocrx_word' id='word_1_43' title='bbox 402 1133 432 1190; x_wconf 94' lang='lat' dir='ltr'><strong>et</strong></span> <span class='ocrx_word' id='word_1_44' title='bbox 452 1123 582 1190; x_wconf 87' lang='lat' dir='ltr'><strong>rendere</strong></span> <span class='ocrx_word' id='word_1_45' title='bbox 611 1132 640 1189; x_wconf 87' lang='lat' dir='ltr'><strong>et</strong></span> <span class='ocrx_word' id='word_1_46' title='bbox 662 1127 693 1189; x_wconf 94' lang='lat' dir='ltr'><strong>in</strong></span> <span class='ocrx_word' id='word_1_47' title='bbox 715 1125 787 1189; x_wconf 87' lang='lat' dir='ltr'><strong>uilla</strong></span> <span class='ocrx_word' id='word_1_48' title='bbox 809 1123 934 1188; x_wconf 86' lang='lat' dir='ltr'><strong>London</strong></span> <span class='ocrx_word' id='word_1_49' title='bbox 957 1133 986 1189; x_wconf 93' lang='lat' dir='ltr'><strong>et</strong></span> <span class='ocrx_word' id='word_1_50' title='bbox 1007 1124 1096 1204; x_wconf 86' lang='lat' dir='ltr'><strong>alibi,</strong></span> <span class='ocrx_word' id='word_1_51' title='bbox 1124 1125 1201 1189; x_wconf 84' lang='lat' dir='ltr'><strong>sicut</strong></span> <span class='ocrx_word' id='word_1_52' title='bbox 1224 1133 1306 1188; x_wconf 86' lang='lat' dir='ltr'><strong>carta</strong></span> <span class='ocrx_word' id='word_1_53' title='bbox 1330 1122 1446 1187; x_wconf 92' lang='lat' dir='ltr'><strong>domini</strong></span> <span class='ocrx_word' id='word_1_54' title='bbox 1466 1122 1611 1188; x_wconf 82' lang='lat' dir='ltr'><strong>liicbardi</strong></span> <span class='ocrx_word' id='word_1_55' title='bbox 1633 1125 1730 1205; x_wconf 82' lang='lat' dir='ltr'><strong>regis,</strong></span> <span class='ocrx_word' id='word_1_56' title='bbox 1759 1122 1863 1190; x_wconf 76' lang='lat' dir='ltr'><strong>fratris</strong></span> <span class='ocrx_word' id='word_1_57' title='bbox 1884 1125 1997 1201; x_wconf 88' lang='lat' dir='ltr'><strong>nostri,</strong></span> <span class='ocrx_word' id='word_1_58' title='bbox 2025 1139 2118 1203; x_wconf 79' lang='lat' dir='ltr'><strong>onam</strong></span> 
     </span>
     <span class='ocr_line' id='line_1_5' title="bbox 280 1239 2119 1322; baseline -0.001 -14"><span class='ocrx_word' id='word_1_59' title='bbox 280 1243 351 1308; x_wconf 91' lang='lat' dir='ltr'><strong>inde</strong></span> <span class='ocrx_word' id='word_1_60' title='bbox 372 1241 502 1322; x_wconf 89' lang='lat' dir='ltr'><strong>babent,</strong></span> <span class='ocrx_word' id='word_1_61' title='bbox 524 1242 612 1309; x_wconf 89' lang='lat' dir='ltr'><strong>salua</strong></span> <span class='ocrx_word' id='word_1_62' title='bbox 633 1244 771 1307; x_wconf 88' lang='lat' dir='ltr'><strong>libertate</strong></span> <span class='ocrx_word' id='word_1_63' title='bbox 793 1243 924 1308; x_wconf 87' lang='lat' dir='ltr'><strong>ciuitatis</strong></span> <span class='ocrx_word' id='word_1_64' title='bbox 945 1252 1048 1308; x_wconf 92' lang='lat' dir='ltr'><strong>nostre</strong></span> <span class='ocrx_word' id='word_1_65' title='bbox 1069 1241 1213 1321; x_wconf 86' lang='lat' dir='ltr'><strong>bondon,</strong></span> <span class='ocrx_word' id='word_1_66' title='bbox 1235 1241 1454 1307; x_wconf 74' lang='lat' dir='ltr'><strong>rationabiliter</strong></span> <span class='ocrx_word' id='word_1_67' title='bbox 1476 1247 1613 1308; x_wconf 89' lang='lat' dir='ltr'><strong>testatur.</strong></span> <span class='ocrx_word' id='word_1_68' title='bbox 1656 1239 1760 1322; x_wconf 83' lang='lat' dir='ltr'><strong>Quare</strong></span> <span class='ocrx_word' id='word_1_69' title='bbox 1782 1242 1921 1306; x_wconf 90' lang='lat' dir='ltr'><strong>volumus</strong></span> <span class='ocrx_word' id='word_1_70' title='bbox 1943 1251 1973 1307; x_wconf 92' lang='lat' dir='ltr'><strong>et</strong></span> <span class='ocrx_word' id='word_1_71' title='bbox 1993 1241 2119 1306; x_wconf 83' lang='lat' dir='ltr'><strong>firmiter</strong></span> 
     </span>
     <span class='ocr_line' id='line_1_6' title="bbox 279 1359 2119 1444; baseline -0.001 -16"><span class='ocrx_word' id='word_1_72' title='bbox 279 1363 481 1444; x_wconf 75' lang='lat' dir='ltr'><strong>precipimus,</strong></span> <span class='ocrx_word' id='word_1_73' title='bbox 511 1361 592 1442; x_wconf 85' lang='lat' dir='ltr'><strong>quod</strong></span> <span class='ocrx_word' id='word_1_74' title='bbox 618 1360 747 1441; x_wconf 73' lang='lat' dir='ltr'><strong>predicti</strong></span> <span class='ocrx_word' id='word_1_75' title='bbox 772 1362 855 1426; x_wconf 88' lang='lat' dir='ltr'><strong>ciues</strong></span> <span class='ocrx_word' id='word_1_76' title='bbox 884 1361 922 1426; x_wconf 95' lang='lat' dir='ltr'><strong>de</strong></span> <span class='ocrx_word' id='word_1_77' title='bbox 944 1359 1073 1426; x_wconf 64' lang='lat' dir='ltr'><strong>folonia</strong></span> <span class='ocrx_word' id='word_1_78' title='bbox 1099 1361 1327 1440; x_wconf 77' lang='lat' dir='ltr'><strong>prenominatae</strong></span> <span class='ocrx_word' id='word_1_79' title='bbox 1355 1359 1510 1426; x_wconf 75' lang='lat' dir='ltr'><strong>libertates</strong></span> <span class='ocrx_word' id='word_1_80' title='bbox 1536 1369 1566 1425; x_wconf 89' lang='lat' dir='ltr'><strong>et</strong></span> <span class='ocrx_word' id='word_1_81' title='bbox 1594 1361 1707 1426; x_wconf 90' lang='lat' dir='ltr'><strong>liberas</strong></span> <span class='ocrx_word' id='word_1_82' title='bbox 1728 1361 1962 1426; x_wconf 90' lang='lat' dir='ltr'><strong>consuetudines</strong></span> <span class='ocrx_word' id='word_1_83' title='bbox 1987 1361 2119 1426; x_wconf 86' lang='lat' dir='ltr'><strong>babeant</strong></span> 
     </span>
     <span class='ocr_line' id='line_1_7' title="bbox 281 1476 2117 1563; baseline -0.001 -19"><span class='ocrx_word' id='word_1_84' title='bbox 281 1497 337 1560; x_wconf 92' lang='lat' dir='ltr'><strong>per</strong></span> <span class='ocrx_word' id='word_1_85' title='bbox 360 1489 452 1544; x_wconf 90' lang='lat' dir='ltr'><strong>totam</strong></span> <span class='ocrx_word' id='word_1_86' title='bbox 475 1488 587 1544; x_wconf 91' lang='lat' dir='ltr'><strong>terram</strong></span> <span class='ocrx_word' id='word_1_87' title='bbox 610 1487 745 1544; x_wconf 86' lang='lat' dir='ltr'><strong>nostram</strong></span> <span class='ocrx_word' id='word_1_88' title='bbox 768 1477 894 1563; x_wconf 75' lang='lat' dir='ltr'><strong>duplic,</strong></span> <span class='ocrx_word' id='word_1_89' title='bbox 917 1480 995 1544; x_wconf 88' lang='lat' dir='ltr'><strong>sicut</strong></span> <span class='ocrx_word' id='word_1_90' title='bbox 1015 1479 1185 1560; x_wconf 83' lang='lat' dir='ltr'><strong>prediorum</strong></span> <span class='ocrx_word' id='word_1_91' title='bbox 1207 1487 1263 1544; x_wconf 86' lang='lat' dir='ltr'><strong>esi.</strong></span> <span class='ocrx_word' id='word_1_92' title='bbox 1307 1479 1465 1544; x_wconf 85' lang='lat' dir='ltr'><strong>Testibus:</strong></span> <span class='ocrx_word' id='word_1_93' title='bbox 1489 1476 1642 1556; x_wconf 88' lang='lat' dir='ltr'><strong>Gerardo‚</strong></span> <span class='ocrx_word' id='word_1_94' title='bbox 1665 1479 1728 1544; x_wconf 87' lang='lat' dir='ltr'><strong>blio</strong></span> <span class='ocrx_word' id='word_1_95' title='bbox 1752 1477 1849 1558; x_wconf 87' lang='lat' dir='ltr'><strong>Petri,</strong></span> <span class='ocrx_word' id='word_1_96' title='bbox 1872 1480 1991 1543; x_wconf 90' lang='lat' dir='ltr'><strong>comitis</strong></span> <span class='ocrx_word' id='word_1_97' title='bbox 2012 1478 2117 1556; x_wconf 83' lang='lat' dir='ltr'><strong>Esses,</strong></span> 
     </span>
     <span class='ocr_line' id='line_1_8' title="bbox 278 1594 2117 1684; baseline -0.001 -22"><span class='ocrx_word' id='word_1_98' title='bbox 278 1599 332 1662; x_wconf 90' lang='lat' dir='ltr'><strong>W.</strong></span> <span class='ocrx_word' id='word_1_99' title='bbox 349 1596 563 1677; x_wconf 80' lang='lat' dir='ltr'><strong>Mareecbalm,</strong></span> <span class='ocrx_word' id='word_1_100' title='bbox 583 1601 692 1663; x_wconf 93' lang='lat' dir='ltr'><strong>comite</strong></span> <span class='ocrx_word' id='word_1_101' title='bbox 707 1598 854 1684; x_wconf 79' lang='lat' dir='ltr'><strong>Penbmc,</strong></span> <span class='ocrx_word' id='word_1_102' title='bbox 870 1598 923 1663; x_wconf 91' lang='lat' dir='ltr'><strong>W.</strong></span> <span class='ocrx_word' id='word_1_103' title='bbox 939 1598 977 1663; x_wconf 93' lang='lat' dir='ltr'><strong>de</strong></span> <span class='ocrx_word' id='word_1_104' title='bbox 993 1597 1152 1676; x_wconf 74' lang='lat' dir='ltr'><strong>Ferraria,</strong></span> <span class='ocrx_word' id='word_1_105' title='bbox 1169 1600 1278 1662; x_wconf 84' lang='lat' dir='ltr'><strong>comite</strong></span> <span class='ocrx_word' id='word_1_106' title='bbox 1294 1598 1406 1678; x_wconf 83' lang='lat' dir='ltr'><strong>Derby,</strong></span> <span class='ocrx_word' id='word_1_107' title='bbox 1425 1597 1592 1662; x_wconf 92' lang='lat' dir='ltr'><strong>Wilbelmo</strong></span> <span class='ocrx_word' id='word_1_108' title='bbox 1608 1597 1754 1675; x_wconf 88' lang='lat' dir='ltr'><strong>Briwere,</strong></span> <span class='ocrx_word' id='word_1_109' title='bbox 1771 1597 1898 1680; x_wconf 80' lang='lat' dir='ltr'><strong>lingone</strong></span> <span class='ocrx_word' id='word_1_110' title='bbox 1914 1596 1952 1662; x_wconf 91' lang='lat' dir='ltr'><strong>de</strong></span> <span class='ocrx_word' id='word_1_111' title='bbox 1963 1594 2117 1675; x_wconf 88' lang='lat' dir='ltr'><strong>Gurnaco,</strong></span> 
     </span>
     <span class='ocr_line' id='line_1_9' title="bbox 280 1713 2119 1800; baseline -0.001 -21"><span class='ocrx_word' id='word_1_112' title='bbox 280 1717 398 1781; x_wconf 81' lang='lat' dir='ltr'><strong>&#39;lboma</strong></span> <span class='ocrx_word' id='word_1_113' title='bbox 420 1717 458 1780; x_wconf 92' lang='lat' dir='ltr'><strong>de</strong></span> <span class='ocrx_word' id='word_1_114' title='bbox 479 1713 642 1782; x_wconf 77' lang='lat' dir='ltr'><strong>SandIord.</strong></span> <span class='ocrx_word' id='word_1_115' title='bbox 655 1716 690 1795; x_wconf 85' lang='lat'><strong>¹)</strong></span> <span class='ocrx_word' id='word_1_116' title='bbox 732 1716 843 1781; x_wconf 86' lang='lat' dir='ltr'><strong>Datum</strong></span> <span class='ocrx_word' id='word_1_117' title='bbox 871 1733 927 1798; x_wconf 90' lang='lat' dir='ltr'><strong>per</strong></span> <span class='ocrx_word' id='word_1_118' title='bbox 954 1734 1077 1781; x_wconf 89' lang='lat' dir='ltr'><strong>manum</strong></span> <span class='ocrx_word' id='word_1_119' title='bbox 1106 1717 1244 1800; x_wconf 86' lang='lat' dir='ltr'><strong>magistri</strong></span> <span class='ocrx_word' id='word_1_120' title='bbox 1266 1715 1388 1779; x_wconf 82' lang='lat' dir='ltr'><strong>Ricardi</strong></span> <span class='ocrx_word' id='word_1_121' title='bbox 1415 1716 1453 1781; x_wconf 93' lang='lat' dir='ltr'><strong>de</strong></span> <span class='ocrx_word' id='word_1_122' title='bbox 1475 1715 1622 1792; x_wconf 83' lang='lat' dir='ltr'><strong>Menisco,</strong></span> <span class='ocrx_word' id='word_1_123' title='bbox 1652 1714 1858 1780; x_wconf 84' lang='lat' dir='ltr'><strong>archidiaconi</strong></span> <span class='ocrx_word' id='word_1_124' title='bbox 1880 1715 2066 1782; x_wconf 82' lang='lat' dir='ltr'><strong>Riobemund</strong></span> <span class='ocrx_word' id='word_1_125' title='bbox 2088 1723 2119 1780; x_wconf 90' lang='lat' dir='ltr'><strong>et</strong></span> 
     </span>
     <span class='ocr_line' id='line_1_10' title="bbox 281 1825 1676 1924; baseline 0 -24"><span class='ocrx_word' id='word_1_126' title='bbox 281 1833 496 1913; x_wconf 88' lang='lat' dir='ltr'><strong>Norbumbrie,</strong></span> <span class='ocrx_word' id='word_1_127' title='bbox 511 1836 547 1915; x_wconf 75' lang='lat'><strong>⁹)</strong></span> <span class='ocrx_word' id='word_1_128' title='bbox 568 1835 650 1915; x_wconf 88' lang='lat' dir='ltr'><strong>apud</strong></span> <span class='ocrx_word' id='word_1_129' title='bbox 673 1831 775 1916; x_wconf 84' lang='lat' dir='ltr'><strong>Coris,</strong></span> <span class='ocrx_word' id='word_1_130' title='bbox 797 1834 917 1901; x_wconf 84' lang='lat' dir='ltr'><strong>llllllll.</strong></span> <span class='ocrx_word' id='word_1_131' title='bbox 938 1837 987 1924; x_wconf 87' lang='lat' dir='ltr'><strong>die</strong></span> <span class='ocrx_word' id='word_1_132' title='bbox 1008 1833 1090 1914; x_wconf 81' lang='lat' dir='ltr'><strong>tulii,</strong></span> <span class='ocrx_word' id='word_1_133' title='bbox 1113 1851 1193 1899; x_wconf 92' lang='lat' dir='ltr'><strong>anno</strong></span> <span class='ocrx_word' id='word_1_134' title='bbox 1216 1836 1302 1917; x_wconf 86' lang='lat' dir='ltr'><strong>regni</strong></span> <span class='ocrx_word' id='word_1_135' title='bbox 1324 1825 1421 1900; x_wconf 79' lang='lat' dir='ltr'><strong>nostri</strong></span> <span class='ocrx_word' id='word_1_136' title='bbox 1441 1833 1676 1916; x_wconf 88' lang='lat' dir='ltr'><strong>quintodecimo.</strong></span> 
     </span>
    </p>
   </div>
   <div class='ocr_carea' id='block_1_3' title="bbox 281 2039 2121 2303">
    <p class='ocr_par' dir='ltr' id='par_1_3' title="bbox 281 2039 2121 2303">
     <span class='ocr_line' id='line_1_11' title="bbox 281 2039 2121 2151; baseline 0.003 -28"><span class='ocrx_word' id='word_1_137' title='bbox 281 2039 401 2123; x_wconf 89' lang='lat' dir='ltr'><strong>XVI.</strong></span> <span class='ocrx_word' id='word_1_138' title='bbox 446 2042 771 2150; x_wconf 64' lang='lat' dir='ltr'><strong>neoptolemo</strong></span> <span class='ocrx_word' id='word_1_139' title='bbox 801 2046 949 2126; x_wconf 84' lang='lat' dir='ltr'><strong>Poterat</strong></span> <span class='ocrx_word' id='word_1_140' title='bbox 977 2045 1073 2124; x_wconf 83' lang='lat' dir='ltr'><strong>tiber</strong></span> <span class='ocrx_word' id='word_1_141' title='bbox 1104 2045 1180 2125; x_wconf 83' lang='lat' dir='ltr'><strong>deo</strong></span> <span class='ocrx_word' id='word_1_142' title='bbox 1211 2044 1287 2124; x_wconf 83' lang='lat' dir='ltr'><strong>deo</strong></span> <span class='ocrx_word' id='word_1_143' title='bbox 1315 2045 1503 2125; x_wconf 79' lang='lat' dir='ltr'><strong>Breuem</strong></span> <span class='ocrx_word' id='word_1_144' title='bbox 1532 2053 1775 2151; x_wconf 75' lang='lat' dir='ltr'><strong>pestctteteo</strong></span> <span class='ocrx_word' id='word_1_145' title='bbox 1803 2045 1932 2149; x_wconf 80' lang='lat' dir='ltr'><strong>freiero</strong></span> <span class='ocrx_word' id='word_1_146' title='bbox 1961 2046 2121 2128; x_wconf 82' lang='lat' dir='ltr'><strong>lloodel</strong></span> 
     </span>
     <span class='ocr_line' id='line_1_12' title="bbox 848 2194 1555 2303; baseline -0.003 -25"><span class='ocrx_word' id='word_1_147' title='bbox 848 2204 890 2278; x_wconf 82' lang='lat' dir='ltr'><strong>io</strong></span> <span class='ocrx_word' id='word_1_148' title='bbox 913 2195 1107 2303; x_wconf 64' lang='lat' dir='ltr'><strong>molano.</strong></span> <span class='ocrx_word' id='word_1_149' title='bbox 1168 2196 1285 2301; x_wconf 84' lang='lat'><strong>1213,</strong></span> <span class='ocrx_word' id='word_1_150' title='bbox 1316 2197 1400 2278; x_wconf 81' lang='lat' dir='ltr'><strong>Jott</strong></span> <span class='ocrx_word' id='word_1_151' title='bbox 1421 2194 1489 2278; x_wconf 86' lang='lat'><strong>26.</strong></span> <span class='ocrx_word' id='word_1_152' title='bbox 1517 2195 1555 2302; x_wconf 81' lang='lat'><strong>³)</strong></span> 
     </span>
    </p>
   </div>
   <div class='ocr_carea' id='block_1_4' title="bbox 278 2361 2119 3160">
    <p class='ocr_par' dir='ltr' id='par_1_4' title="bbox 278 2361 2119 3160">
     <span class='ocr_line' id='line_1_13' title="bbox 432 2361 2118 2446; baseline 0.003 -21"><span class='ocrx_word' id='word_1_153' title='bbox 432 2362 603 2439; x_wconf 83' lang='lat' dir='ltr'><strong>tobauncs,</strong></span> <span class='ocrx_word' id='word_1_154' title='bbox 630 2361 685 2427; x_wconf 79' lang='lat' dir='ltr'><strong>liei</strong></span> <span class='ocrx_word' id='word_1_155' title='bbox 707 2363 806 2446; x_wconf 79' lang='lat' dir='ltr'><strong>gralia</strong></span> <span class='ocrx_word' id='word_1_156' title='bbox 828 2379 882 2427; x_wconf 84' lang='lat' dir='ltr'><strong>rex</strong></span> <span class='ocrx_word' id='word_1_157' title='bbox 903 2362 1048 2446; x_wconf 80' lang='lat' dir='ltr'><strong>Angliae,</strong></span> <span class='ocrx_word' id='word_1_158' title='bbox 1077 2364 1217 2428; x_wconf 91' lang='lat' dir='ltr'><strong>omnibus</strong></span> <span class='ocrx_word' id='word_1_159' title='bbox 1239 2362 1374 2439; x_wconf 83' lang='lat' dir='ltr'><strong>bailliuis</strong></span> <span class='ocrx_word' id='word_1_160' title='bbox 1398 2371 1428 2428; x_wconf 92' lang='lat' dir='ltr'><strong>et</strong></span> <span class='ocrx_word' id='word_1_161' title='bbox 1449 2362 1587 2428; x_wconf 85' lang='lat' dir='ltr'><strong>fidelibus</strong></span> <span class='ocrx_word' id='word_1_162' title='bbox 1615 2363 1679 2426; x_wconf 91' lang='lat' dir='ltr'><strong>suis</strong></span> <span class='ocrx_word' id='word_1_163' title='bbox 1700 2361 1840 2428; x_wconf 86' lang='lat' dir='ltr'><strong>salutem.</strong></span> <span class='ocrx_word' id='word_1_164' title='bbox 1884 2361 2008 2442; x_wconf 86' lang='lat' dir='ltr'><strong>Sciatis,</strong></span> <span class='ocrx_word' id='word_1_165' title='bbox 2035 2366 2118 2445; x_wconf 80' lang='lat' dir='ltr'><strong>quod</strong></span> 
     </span>
     <span class='ocr_line' id='line_1_14' title="bbox 279 2479 2118 2565; baseline 0.003 -23"><span class='ocrx_word' id='word_1_166' title='bbox 279 2481 483 2544; x_wconf 83' lang='lat' dir='ltr'><strong>concessimus</strong></span> <span class='ocrx_word' id='word_1_167' title='bbox 504 2481 678 2545; x_wconf 88' lang='lat' dir='ltr'><strong>bominibus</strong></span> <span class='ocrx_word' id='word_1_168' title='bbox 700 2479 838 2561; x_wconf 87' lang='lat' dir='ltr'><strong>Ottonis,</strong></span> <span class='ocrx_word' id='word_1_169' title='bbox 866 2482 1036 2547; x_wconf 87' lang='lat' dir='ltr'><strong>charissimi</strong></span> <span class='ocrx_word' id='word_1_170' title='bbox 1059 2484 1178 2562; x_wconf 91' lang='lat' dir='ltr'><strong>nepotis</strong></span> <span class='ocrx_word' id='word_1_171' title='bbox 1199 2483 1311 2559; x_wconf 90' lang='lat' dir='ltr'><strong>nostri,</strong></span> <span class='ocrx_word' id='word_1_172' title='bbox 1334 2482 1448 2545; x_wconf 92' lang='lat' dir='ltr'><strong>domini</strong></span> <span class='ocrx_word' id='word_1_173' title='bbox 1469 2479 1677 2545; x_wconf 86' lang='lat' dir='ltr'><strong>Romanomm</strong></span> <span class='ocrx_word' id='word_1_174' title='bbox 1699 2480 1908 2565; x_wconf 84' lang='lat' dir='ltr'><strong>Imperatoris,</strong></span> <span class='ocrx_word' id='word_1_175' title='bbox 1931 2484 1969 2548; x_wconf 93' lang='lat' dir='ltr'><strong>de</strong></span> <span class='ocrx_word' id='word_1_176' title='bbox 1990 2482 2118 2548; x_wconf 86' lang='lat' dir='ltr'><strong>Bremen</strong></span> 
     </span>
     <span class='ocr_line' id='line_1_15' title="bbox 280 2598 2118 2686; baseline 0.004 -26"><span class='ocrx_word' id='word_1_177' title='bbox 280 2598 384 2662; x_wconf 86' lang='lat' dir='ltr'><strong>literas</strong></span> <span class='ocrx_word' id='word_1_178' title='bbox 405 2606 543 2678; x_wconf 83' lang='lat' dir='ltr'><strong>patentes</strong></span> <span class='ocrx_word' id='word_1_179' title='bbox 560 2600 695 2665; x_wconf 90' lang='lat' dir='ltr'><strong>eiusdem</strong></span> <span class='ocrx_word' id='word_1_180' title='bbox 710 2601 909 2686; x_wconf 85' lang='lat' dir='ltr'><strong>Imperatoris</strong></span> <span class='ocrx_word' id='word_1_181' title='bbox 931 2616 1035 2665; x_wconf 91' lang='lat' dir='ltr'><strong>secum</strong></span> <span class='ocrx_word' id='word_1_182' title='bbox 1056 2600 1272 2680; x_wconf 81' lang='lat' dir='ltr'><strong>deserentibus,</strong></span> <span class='ocrx_word' id='word_1_183' title='bbox 1295 2600 1499 2679; x_wconf 77' lang='lat' dir='ltr'><strong>testificantes,</strong></span> <span class='ocrx_word' id='word_1_184' title='bbox 1521 2600 1604 2680; x_wconf 81' lang='lat' dir='ltr'><strong>quod</strong></span> <span class='ocrx_word' id='word_1_185' title='bbox 1625 2600 1764 2666; x_wconf 84' lang='lat' dir='ltr'><strong>homines</strong></span> <span class='ocrx_word' id='word_1_186' title='bbox 1786 2603 1851 2666; x_wconf 93' lang='lat' dir='ltr'><strong>eius</strong></span> <span class='ocrx_word' id='word_1_187' title='bbox 1873 2605 1933 2667; x_wconf 89' lang='lat' dir='ltr'><strong>sint</strong></span> <span class='ocrx_word' id='word_1_188' title='bbox 1954 2602 1991 2666; x_wconf 96' lang='lat' dir='ltr'><strong>de</strong></span> <span class='ocrx_word' id='word_1_189' title='bbox 2013 2602 2118 2668; x_wconf 90' lang='lat' dir='ltr'><strong>eadem</strong></span> 
     </span>
     <span class='ocr_line' id='line_1_16' title="bbox 280 2717 2118 2802; baseline 0.006 -26"><span class='ocrx_word' id='word_1_190' title='bbox 280 2717 368 2796; x_wconf 87' lang='lat' dir='ltr'><strong>villa,</strong></span> <span class='ocrx_word' id='word_1_191' title='bbox 390 2717 473 2797; x_wconf 84' lang='lat' dir='ltr'><strong>quod</strong></span> <span class='ocrx_word' id='word_1_192' title='bbox 495 2720 685 2800; x_wconf 80' lang='lat' dir='ltr'><strong>negotientur</strong></span> <span class='ocrx_word' id='word_1_193' title='bbox 704 2720 736 2782; x_wconf 93' lang='lat' dir='ltr'><strong>in</strong></span> <span class='ocrx_word' id='word_1_194' title='bbox 757 2726 839 2782; x_wconf 91' lang='lat' dir='ltr'><strong>terra</strong></span> <span class='ocrx_word' id='word_1_195' title='bbox 861 2726 966 2783; x_wconf 89' lang='lat' dir='ltr'><strong>nostra</strong></span> <span class='ocrx_word' id='word_1_196' title='bbox 988 2719 1117 2802; x_wconf 73' lang='lat' dir='ltr'><strong>Angliee</strong></span> <span class='ocrx_word' id='word_1_197' title='bbox 1139 2735 1207 2784; x_wconf 92' lang='lat' dir='ltr'><strong>cum</strong></span> <span class='ocrx_word' id='word_1_198' title='bbox 1230 2719 1371 2798; x_wconf 90' lang='lat' dir='ltr'><strong>nauibus,</strong></span> <span class='ocrx_word' id='word_1_199' title='bbox 1392 2719 1484 2784; x_wconf 90' lang='lat' dir='ltr'><strong>rebus</strong></span> <span class='ocrx_word' id='word_1_200' title='bbox 1506 2725 1536 2784; x_wconf 90' lang='lat' dir='ltr'><strong>et</strong></span> <span class='ocrx_word' id='word_1_201' title='bbox 1556 2721 1755 2785; x_wconf 84' lang='lat' dir='ltr'><strong>mercandisis</strong></span> <span class='ocrx_word' id='word_1_202' title='bbox 1777 2721 1840 2786; x_wconf 88' lang='lat' dir='ltr'><strong>suis</strong></span> <span class='ocrx_word' id='word_1_203' title='bbox 1863 2722 2007 2801; x_wconf 85' lang='lat' dir='ltr'><strong>quamdiu</strong></span> <span class='ocrx_word' id='word_1_204' title='bbox 2029 2724 2118 2787; x_wconf 90' lang='lat' dir='ltr'><strong>nobis</strong></span> 
     </span>
     <span class='ocr_line' id='line_1_17' title="bbox 279 2836 2118 2921; baseline 0.002 -20"><span class='ocrx_word' id='word_1_205' title='bbox 279 2836 444 2920; x_wconf 89' lang='lat' dir='ltr'><strong>placuerit,</strong></span> <span class='ocrx_word' id='word_1_206' title='bbox 469 2837 609 2902; x_wconf 83' lang='lat' dir='ltr'><strong>iaciendo</strong></span> <span class='ocrx_word' id='word_1_207' title='bbox 630 2837 700 2901; x_wconf 92' lang='lat' dir='ltr'><strong>inde</strong></span> <span class='ocrx_word' id='word_1_208' title='bbox 722 2845 820 2902; x_wconf 88' lang='lat' dir='ltr'><strong>rectas</strong></span> <span class='ocrx_word' id='word_1_209' title='bbox 843 2837 1085 2904; x_wconf 89' lang='lat' dir='ltr'><strong>eonsuetudines.</strong></span> <span class='ocrx_word' id='word_1_210' title='bbox 1128 2837 1166 2901; x_wconf 86' lang='lat' dir='ltr'><strong>Et</strong></span> <span class='ocrx_word' id='word_1_211' title='bbox 1193 2838 1262 2902; x_wconf 89' lang='lat' dir='ltr'><strong>ideo</strong></span> <span class='ocrx_word' id='word_1_212' title='bbox 1290 2838 1375 2903; x_wconf 86' lang='lat' dir='ltr'><strong>vobis</strong></span> <span class='ocrx_word' id='word_1_213' title='bbox 1401 2839 1599 2918; x_wconf 88' lang='lat' dir='ltr'><strong>mandamus,</strong></span> <span class='ocrx_word' id='word_1_214' title='bbox 1629 2839 1710 2919; x_wconf 84' lang='lat' dir='ltr'><strong>quod</strong></span> <span class='ocrx_word' id='word_1_215' title='bbox 1735 2841 1820 2919; x_wconf 88' lang='lat' dir='ltr'><strong>ipsos</strong></span> <span class='ocrx_word' id='word_1_216' title='bbox 1848 2857 1942 2921; x_wconf 87' lang='lat' dir='ltr'><strong>super</strong></span> <span class='ocrx_word' id='word_1_217' title='bbox 1969 2842 2027 2906; x_wconf 90' lang='lat' dir='ltr'><strong>boc</strong></span> <span class='ocrx_word' id='word_1_218' title='bbox 2056 2859 2118 2905; x_wconf 95' lang='lat' dir='ltr'><strong>non</strong></span> 
     </span>
     <span class='ocr_line' id='line_1_18' title="bbox 278 2956 2119 3039; baseline 0.003 -19"><span class='ocrx_word' id='word_1_219' title='bbox 278 2957 462 3039; x_wconf 80' lang='lat' dir='ltr'><strong>impediaris.</strong></span> <span class='ocrx_word' id='word_1_220' title='bbox 506 2957 544 3021; x_wconf 86' lang='lat' dir='ltr'><strong>Et</strong></span> <span class='ocrx_word' id='word_1_221' title='bbox 571 2959 603 3022; x_wconf 91' lang='lat' dir='ltr'><strong>in</strong></span> <span class='ocrx_word' id='word_1_222' title='bbox 624 2957 714 3021; x_wconf 90' lang='lat' dir='ltr'><strong>buius</strong></span> <span class='ocrx_word' id='word_1_223' title='bbox 736 2959 781 3020; x_wconf 92' lang='lat' dir='ltr'><strong>rei</strong></span> <span class='ocrx_word' id='word_1_224' title='bbox 809 2957 1015 3022; x_wconf 86' lang='lat' dir='ltr'><strong>testimonium</strong></span> <span class='ocrx_word' id='word_1_225' title='bbox 1044 2956 1100 3022; x_wconf 88' lang='lat' dir='ltr'><strong>bas</strong></span> <span class='ocrx_word' id='word_1_226' title='bbox 1127 2958 1231 3024; x_wconf 88' lang='lat' dir='ltr'><strong>literas</strong></span> <span class='ocrx_word' id='word_1_227' title='bbox 1256 2965 1377 3023; x_wconf 85' lang='lat' dir='ltr'><strong>nostras</strong></span> <span class='ocrx_word' id='word_1_228' title='bbox 1398 2965 1535 3039; x_wconf 87' lang='lat' dir='ltr'><strong>patentes</strong></span> <span class='ocrx_word' id='word_1_229' title='bbox 1556 2958 1643 3024; x_wconf 85' lang='lat' dir='ltr'><strong>vobis</strong></span> <span class='ocrx_word' id='word_1_230' title='bbox 1664 2958 1735 3025; x_wconf 88' lang='lat' dir='ltr'><strong>inde</strong></span> <span class='ocrx_word' id='word_1_231' title='bbox 1755 2959 1911 3026; x_wconf 87' lang='lat' dir='ltr'><strong>mittimus.</strong></span> <span class='ocrx_word' id='word_1_232' title='bbox 1955 2959 2044 3024; x_wconf 86' lang='lat' dir='ltr'><strong>&#39;leste</strong></span> <span class='ocrx_word' id='word_1_233' title='bbox 2071 2977 2119 3026; x_wconf 95' lang='lat' dir='ltr'><strong>me</strong></span> 
     </span>
     <span class='ocr_line' id='line_1_19' title="bbox 280 3057 1354 3160; baseline 0.004 -23"><span class='ocrx_word' id='word_1_234' title='bbox 280 3057 360 3154; x_wconf 89' lang='lat' dir='ltr'><strong>ipso,</strong></span> <span class='ocrx_word' id='word_1_235' title='bbox 384 3075 465 3158; x_wconf 89' lang='lat' dir='ltr'><strong>apud</strong></span> <span class='ocrx_word' id='word_1_236' title='bbox 487 3075 632 3156; x_wconf 90' lang='lat' dir='ltr'><strong>Binedon,</strong></span> <span class='ocrx_word' id='word_1_237' title='bbox 655 3075 761 3142; x_wconf 85' lang='lat' dir='ltr'><strong>xxvi.</strong></span> <span class='ocrx_word' id='word_1_238' title='bbox 784 3077 833 3142; x_wconf 94' lang='lat' dir='ltr'><strong>die</strong></span> <span class='ocrx_word' id='word_1_239' title='bbox 853 3075 936 3154; x_wconf 85' lang='lat' dir='ltr'><strong>tulii,</strong></span> <span class='ocrx_word' id='word_1_240' title='bbox 959 3094 1041 3143; x_wconf 89' lang='lat' dir='ltr'><strong>anno</strong></span> <span class='ocrx_word' id='word_1_241' title='bbox 1064 3079 1150 3160; x_wconf 86' lang='lat' dir='ltr'><strong>regni</strong></span> <span class='ocrx_word' id='word_1_242' title='bbox 1172 3079 1269 3142; x_wconf 87' lang='lat' dir='ltr'><strong>nostri</strong></span> <span class='ocrx_word' id='word_1_243' title='bbox 1291 3077 1354 3143; x_wconf 87' lang='lat' dir='ltr'><strong>XV.</strong></span> 
     </span>
    </p>
   </div>
   <div class='ocr_carea' id='block_1_5' title="bbox 280 3280 2120 3554">
    <p class='ocr_par' dir='ltr' id='par_1_5' title="bbox 280 3280 2120 3554">
     <span class='ocr_line' id='line_1_20' title="bbox 280 3280 2120 3393; baseline 0.002 -29"><span class='ocrx_word' id='word_1_244' title='bbox 280 3280 422 3365; x_wconf 87' lang='lat' dir='ltr'><strong>XVII.</strong></span> <span class='ocrx_word' id='word_1_245' title='bbox 466 3284 715 3390; x_wconf 76' lang='lat' dir='ltr'><strong>Kboiplicber</strong></span> <span class='ocrx_word' id='word_1_246' title='bbox 744 3285 889 3387; x_wconf 77' lang='lat' dir='ltr'><strong>Besebl</strong></span> <span class='ocrx_word' id='word_1_247' title='bbox 926 3311 978 3367; x_wconf 86' lang='lat' dir='ltr'><strong>oo</strong></span> <span class='ocrx_word' id='word_1_248' title='bbox 1013 3289 1078 3368; x_wconf 80' lang='lat' dir='ltr'><strong>die</strong></span> <span class='ocrx_word' id='word_1_249' title='bbox 1112 3286 1424 3391; x_wconf 80' lang='lat' dir='ltr'><strong>Hcfoobeamteo</strong></span> <span class='ocrx_word' id='word_1_250' title='bbox 1458 3314 1506 3368; x_wconf 80' lang='lat' dir='ltr'><strong>au</strong></span> <span class='ocrx_word' id='word_1_251' title='bbox 1538 3285 1830 3393; x_wconf 81' lang='lat' dir='ltr'><strong>Soutltomptoo,</strong></span> <span class='ocrx_word' id='word_1_252' title='bbox 1878 3289 1942 3369; x_wconf 88' lang='lat' dir='ltr'><strong>die</strong></span> <span class='ocrx_word' id='word_1_253' title='bbox 1972 3287 2120 3392; x_wconf 78' lang='lat' dir='ltr'><strong>Sebiffe</strong></span> 
     </span>
     <span class='ocr_line' id='line_1_21' title="bbox 415 3436 1982 3554; baseline 0.003 -38"><span class='ocrx_word' id='word_1_254' title='bbox 415 3437 486 3517; x_wconf 87' lang='lat' dir='ltr'><strong>der</strong></span> <span class='ocrx_word' id='word_1_255' title='bbox 516 3436 720 3540; x_wconf 71' lang='lat' dir='ltr'><strong>Inculcata</strong></span> <span class='ocrx_word' id='word_1_256' title='bbox 751 3462 825 3518; x_wconf 84' lang='lat' dir='ltr'><strong>ouo</strong></span> <span class='ocrx_word' id='word_1_257' title='bbox 856 3438 943 3518; x_wconf 86' lang='lat' dir='ltr'><strong>dero</strong></span> <span class='ocrx_word' id='word_1_258' title='bbox 971 3437 1108 3554; x_wconf 78' lang='lat' dir='ltr'><strong>bonde</strong></span> <span class='ocrx_word' id='word_1_259' title='bbox 1140 3439 1213 3519; x_wconf 85' lang='lat' dir='ltr'><strong>dee</strong></span> <span class='ocrx_word' id='word_1_260' title='bbox 1241 3437 1405 3519; x_wconf 81' lang='lat' dir='ltr'><strong>Kaisere</strong></span> <span class='ocrx_word' id='word_1_261' title='bbox 1433 3439 1515 3543; x_wconf 79' lang='lat' dir='ltr'><strong>free·</strong></span> <span class='ocrx_word' id='word_1_262' title='bbox 1542 3463 1590 3518; x_wconf 76' lang='lat' dir='ltr'><strong>au</strong></span> <span class='ocrx_word' id='word_1_263' title='bbox 1617 3438 1751 3544; x_wconf 74' lang='lat' dir='ltr'><strong>peden.</strong></span> <span class='ocrx_word' id='word_1_264' title='bbox 1813 3439 1925 3520; x_wconf 71' lang='lat'><strong>1214.</strong></span> <span class='ocrx_word' id='word_1_265' title='bbox 1944 3437 1982 3542; x_wconf 84' lang='lat'><strong>⁴)</strong></span> 
     </span>
    </p>
   </div>
   <div class='ocr_carea' id='block_1_6' title="bbox 280 3600 2119 4290">
    <p class='ocr_par' dir='ltr' id='par_1_6' title="bbox 280 3600 2119 4290">
     <span class='ocr_line' id='line_1_22' title="bbox 435 3600 2118 3684; baseline 0.003 -19"><span class='ocrx_word' id='word_1_266' title='bbox 435 3601 614 3683; x_wconf 89' lang='lat' dir='ltr'><strong>Preceptum</strong></span> <span class='ocrx_word' id='word_1_267' title='bbox 630 3610 677 3665; x_wconf 89' lang='lat' dir='ltr'><strong>esi</strong></span> <span class='ocrx_word' id='word_1_268' title='bbox 693 3600 826 3666; x_wconf 86' lang='lat' dir='ltr'><strong>bailiinis</strong></span> <span class='ocrx_word' id='word_1_269' title='bbox 842 3609 948 3684; x_wconf 90' lang='lat' dir='ltr'><strong>portus</strong></span> <span class='ocrx_word' id='word_1_270' title='bbox 970 3601 1008 3665; x_wconf 91' lang='lat' dir='ltr'><strong>de</strong></span> <span class='ocrx_word' id='word_1_271' title='bbox 1024 3600 1222 3680; x_wconf 81' lang='lat' dir='ltr'><strong>Subamtone‚</strong></span> <span class='ocrx_word' id='word_1_272' title='bbox 1245 3602 1328 3684; x_wconf 84' lang='lat' dir='ltr'><strong>quod</strong></span> <span class='ocrx_word' id='word_1_273' title='bbox 1349 3602 1513 3667; x_wconf 92' lang='lat' dir='ltr'><strong>deliberari</strong></span> <span class='ocrx_word' id='word_1_274' title='bbox 1536 3601 1650 3666; x_wconf 85' lang='lat' dir='ltr'><strong>iaciant</strong></span> <span class='ocrx_word' id='word_1_275' title='bbox 1671 3619 1775 3667; x_wconf 91' lang='lat' dir='ltr'><strong>omnes</strong></span> <span class='ocrx_word' id='word_1_276' title='bbox 1798 3621 1892 3670; x_wconf 90' lang='lat' dir='ltr'><strong>naues</strong></span> <span class='ocrx_word' id='word_1_277' title='bbox 1914 3614 2118 3670; x_wconf 88' lang='lat' dir='ltr'><strong>mercatorum</strong></span> 
     </span>
     <span class='ocr_line' id='line_1_23' title="bbox 283 3717 2117 3806; baseline 0.004 -24"><span class='ocrx_word' id='word_1_278' title='bbox 283 3727 343 3784; x_wconf 91' lang='lat' dir='ltr'><strong>tam</strong></span> <span class='ocrx_word' id='word_1_279' title='bbox 366 3717 405 3782; x_wconf 89' lang='lat' dir='ltr'><strong>de</strong></span> <span class='ocrx_word' id='word_1_280' title='bbox 426 3726 508 3784; x_wconf 87' lang='lat' dir='ltr'><strong>terra</strong></span> <span class='ocrx_word' id='word_1_281' title='bbox 531 3720 647 3784; x_wconf 90' lang='lat' dir='ltr'><strong>domini</strong></span> <span class='ocrx_word' id='word_1_282' title='bbox 669 3720 882 3800; x_wconf 89' lang='lat' dir='ltr'><strong>imperatoris,</strong></span> <span class='ocrx_word' id='word_1_283' title='bbox 912 3736 1004 3799; x_wconf 84' lang='lat' dir='ltr'><strong>qnam</strong></span> <span class='ocrx_word' id='word_1_284' title='bbox 1027 3720 1141 3784; x_wconf 90' lang='lat' dir='ltr'><strong>domini</strong></span> <span class='ocrx_word' id='word_1_285' title='bbox 1164 3722 1246 3806; x_wconf 79' lang='lat' dir='ltr'><strong>regis</strong></span> <span class='ocrx_word' id='word_1_286' title='bbox 1267 3719 1389 3799; x_wconf 77' lang='lat' dir='ltr'><strong>scocie,</strong></span> <span class='ocrx_word' id='word_1_287' title='bbox 1416 3730 1445 3785; x_wconf 83' lang='lat' dir='ltr'><strong>et</strong></span> <span class='ocrx_word' id='word_1_288' title='bbox 1468 3721 1562 3786; x_wconf 91' lang='lat' dir='ltr'><strong>libere</strong></span> <span class='ocrx_word' id='word_1_289' title='bbox 1583 3739 1602 3786; x_wconf 89' lang='lat' dir='ltr'><strong>a</strong></span> <span class='ocrx_word' id='word_1_290' title='bbox 1624 3729 1715 3802; x_wconf 92' lang='lat' dir='ltr'><strong>portu</strong></span> <span class='ocrx_word' id='word_1_291' title='bbox 1737 3722 1897 3802; x_wconf 89' lang='lat' dir='ltr'><strong>recedere,</strong></span> <span class='ocrx_word' id='word_1_292' title='bbox 1928 3733 2052 3806; x_wconf 88' lang='lat' dir='ltr'><strong>accepta</strong></span> <span class='ocrx_word' id='word_1_293' title='bbox 2078 3727 2117 3790; x_wconf 86' lang='lat' dir='ltr'><strong>ab</strong></span> 
     </span>
     <span class='ocr_line' id='line_1_24' title="bbox 280 3837 2119 3924; baseline 0.004 -23"><span class='ocrx_word' id='word_1_294' title='bbox 280 3839 324 3901; x_wconf 92' lang='lat' dir='ltr'><strong>eis</strong></span> <span class='ocrx_word' id='word_1_295' title='bbox 346 3837 433 3902; x_wconf 90' lang='lat' dir='ltr'><strong>salua</strong></span> <span class='ocrx_word' id='word_1_296' title='bbox 463 3845 492 3902; x_wconf 91' lang='lat' dir='ltr'><strong>et</strong></span> <span class='ocrx_word' id='word_1_297' title='bbox 514 3837 672 3904; x_wconf 81' lang='lat' dir='ltr'><strong>sufficienti</strong></span> <span class='ocrx_word' id='word_1_298' title='bbox 702 3838 878 3917; x_wconf 89' lang='lat' dir='ltr'><strong>securitate,</strong></span> <span class='ocrx_word' id='word_1_299' title='bbox 913 3839 994 3918; x_wconf 83' lang='lat' dir='ltr'><strong>quod</strong></span> <span class='ocrx_word' id='word_1_300' title='bbox 1018 3840 1079 3903; x_wconf 91' lang='lat' dir='ltr'><strong>alio</strong></span> <span class='ocrx_word' id='word_1_301' title='bbox 1103 3855 1225 3904; x_wconf 89' lang='lat' dir='ltr'><strong>cursum</strong></span> <span class='ocrx_word' id='word_1_302' title='bbox 1247 3856 1335 3904; x_wconf 91' lang='lat' dir='ltr'><strong>snum</strong></span> <span class='ocrx_word' id='word_1_303' title='bbox 1358 3856 1419 3904; x_wconf 94' lang='lat' dir='ltr'><strong>non</strong></span> <span class='ocrx_word' id='word_1_304' title='bbox 1441 3839 1592 3905; x_wconf 90' lang='lat' dir='ltr'><strong>diuertent</strong></span> <span class='ocrx_word' id='word_1_305' title='bbox 1612 3841 1669 3906; x_wconf 91' lang='lat' dir='ltr'><strong>nisi</strong></span> <span class='ocrx_word' id='word_1_306' title='bbox 1691 3842 1721 3904; x_wconf 92' lang='lat' dir='ltr'><strong>in</strong></span> <span class='ocrx_word' id='word_1_307' title='bbox 1745 3849 1842 3908; x_wconf 87' lang='lat' dir='ltr'><strong>terras</strong></span> <span class='ocrx_word' id='word_1_308' title='bbox 1863 3859 1952 3922; x_wconf 91' lang='lat' dir='ltr'><strong>suas,</strong></span> <span class='ocrx_word' id='word_1_309' title='bbox 1986 3852 2016 3908; x_wconf 91' lang='lat' dir='ltr'><strong>et</strong></span> <span class='ocrx_word' id='word_1_310' title='bbox 2037 3845 2119 3924; x_wconf 88' lang='lat' dir='ltr'><strong>quod</strong></span> 
     </span>
     <span class='ocr_line' id='line_1_25' title="bbox 281 3957 2118 4042; baseline 0.004 -22"><span class='ocrx_word' id='word_1_311' title='bbox 281 3957 431 4021; x_wconf 91' lang='lat' dir='ltr'><strong>neminem</strong></span> <span class='ocrx_word' id='word_1_312' title='bbox 453 3973 556 4022; x_wconf 88' lang='lat' dir='ltr'><strong>seeum</strong></span> <span class='ocrx_word' id='word_1_313' title='bbox 583 3958 709 4036; x_wconf 92' lang='lat' dir='ltr'><strong>ducent,</strong></span> <span class='ocrx_word' id='word_1_314' title='bbox 737 3959 789 4038; x_wconf 89' lang='lat' dir='ltr'><strong>qui</strong></span> <span class='ocrx_word' id='word_1_315' title='bbox 818 3973 878 4022; x_wconf 94' lang='lat' dir='ltr'><strong>non</strong></span> <span class='ocrx_word' id='word_1_316' title='bbox 900 3959 940 4022; x_wconf 89' lang='lat' dir='ltr'><strong>sit</strong></span> <span class='ocrx_word' id='word_1_317' title='bbox 961 3958 999 4022; x_wconf 91' lang='lat' dir='ltr'><strong>de</strong></span> <span class='ocrx_word' id='word_1_318' title='bbox 1021 3959 1150 4022; x_wconf 89' lang='lat' dir='ltr'><strong>nauibus</strong></span> <span class='ocrx_word' id='word_1_319' title='bbox 1173 3960 1236 4023; x_wconf 91' lang='lat' dir='ltr'><strong>suis</strong></span> <span class='ocrx_word' id='word_1_320' title='bbox 1258 3967 1287 4021; x_wconf 91' lang='lat' dir='ltr'><strong>et</strong></span> <span class='ocrx_word' id='word_1_321' title='bbox 1309 3958 1348 4023; x_wconf 91' lang='lat' dir='ltr'><strong>ad</strong></span> <span class='ocrx_word' id='word_1_322' title='bbox 1370 3957 1460 4023; x_wconf 89' lang='lat' dir='ltr'><strong>iidem</strong></span> <span class='ocrx_word' id='word_1_323' title='bbox 1482 3957 1597 4022; x_wconf 92' lang='lat' dir='ltr'><strong>domini</strong></span> <span class='ocrx_word' id='word_1_324' title='bbox 1618 3961 1718 4042; x_wconf 81' lang='lat' dir='ltr'><strong>regis,</strong></span> <span class='ocrx_word' id='word_1_325' title='bbox 1746 3968 1776 4023; x_wconf 92' lang='lat' dir='ltr'><strong>et</strong></span> <span class='ocrx_word' id='word_1_326' title='bbox 1797 3960 1878 4041; x_wconf 88' lang='lat' dir='ltr'><strong>quod</strong></span> <span class='ocrx_word' id='word_1_327' title='bbox 1901 3962 1985 4026; x_wconf 87' lang='lat' dir='ltr'><strong>nulla</strong></span> <span class='ocrx_word' id='word_1_328' title='bbox 2007 3963 2118 4030; x_wconf 86' lang='lat' dir='ltr'><strong>catalla</strong></span> 
     </span>
     <span class='ocr_line' id='line_1_26' title="bbox 281 4073 2117 4164; baseline 0.003 -25"><span class='ocrx_word' id='word_1_329' title='bbox 281 4073 475 4140; x_wconf 86' lang='lat' dir='ltr'><strong>adnocabunt</strong></span> <span class='ocrx_word' id='word_1_330' title='bbox 495 4077 553 4140; x_wconf 83' lang='lat' dir='ltr'><strong>nisi</strong></span> <span class='ocrx_word' id='word_1_331' title='bbox 575 4093 630 4142; x_wconf 86' lang='lat' dir='ltr'><strong>sna</strong></span> <span class='ocrx_word' id='word_1_332' title='bbox 651 4077 797 4158; x_wconf 90' lang='lat' dir='ltr'><strong>propria;</strong></span> <span class='ocrx_word' id='word_1_333' title='bbox 819 4074 1060 4142; x_wconf 86' lang='lat' dir='ltr'><strong>Flandriensium</strong></span> <span class='ocrx_word' id='word_1_334' title='bbox 1083 4093 1154 4140; x_wconf 87' lang='lat' dir='ltr'><strong>vero</strong></span> <span class='ocrx_word' id='word_1_335' title='bbox 1177 4083 1206 4139; x_wconf 92' lang='lat' dir='ltr'><strong>et</strong></span> <span class='ocrx_word' id='word_1_336' title='bbox 1227 4092 1332 4140; x_wconf 92' lang='lat' dir='ltr'><strong>eorum</strong></span> <span class='ocrx_word' id='word_1_337' title='bbox 1349 4077 1471 4155; x_wconf 87' lang='lat' dir='ltr'><strong>catalla,</strong></span> <span class='ocrx_word' id='word_1_338' title='bbox 1493 4077 1572 4142; x_wconf 78' lang='lat' dir='ltr'><strong>slent</strong></span> <span class='ocrx_word' id='word_1_339' title='bbox 1588 4078 1665 4144; x_wconf 88' lang='lat' dir='ltr'><strong>alias</strong></span> <span class='ocrx_word' id='word_1_340' title='bbox 1681 4079 1725 4143; x_wconf 90' lang='lat' dir='ltr'><strong>eis</strong></span> <span class='ocrx_word' id='word_1_341' title='bbox 1740 4087 1917 4164; x_wconf 87' lang='lat' dir='ltr'><strong>preceptum</strong></span> <span class='ocrx_word' id='word_1_342' title='bbox 1940 4079 2006 4160; x_wconf 85' lang='lat' dir='ltr'><strong>luit,</strong></span> <span class='ocrx_word' id='word_1_343' title='bbox 2030 4083 2117 4145; x_wconf 90' lang='lat' dir='ltr'><strong>saluo</strong></span> 
     </span>
     <span class='ocr_line' id='line_1_27' title="bbox 281 4191 1425 4290; baseline 0.003 -34"><span class='ocrx_word' id='word_1_344' title='bbox 281 4200 311 4256; x_wconf 92' lang='lat' dir='ltr'><strong>et</strong></span> <span class='ocrx_word' id='word_1_345' title='bbox 332 4209 437 4256; x_wconf 89' lang='lat' dir='ltr'><strong>secure</strong></span> <span class='ocrx_word' id='word_1_346' title='bbox 458 4193 571 4258; x_wconf 83' lang='lat' dir='ltr'><strong>iaciant</strong></span> <span class='ocrx_word' id='word_1_347' title='bbox 591 4196 719 4290; x_wconf 84' lang='lat' dir='ltr'><strong>arestari</strong></span> <span class='ocrx_word' id='word_1_348' title='bbox 740 4194 838 4261; x_wconf 92' lang='lat' dir='ltr'><strong>donec</strong></span> <span class='ocrx_word' id='word_1_349' title='bbox 859 4193 942 4260; x_wconf 90' lang='lat' dir='ltr'><strong>aliud</strong></span> <span class='ocrx_word' id='word_1_350' title='bbox 963 4191 1035 4259; x_wconf 87' lang='lat' dir='ltr'><strong>inde</strong></span> <span class='ocrx_word' id='word_1_351' title='bbox 1056 4194 1217 4259; x_wconf 89' lang='lat' dir='ltr'><strong>habuerint</strong></span> <span class='ocrx_word' id='word_1_352' title='bbox 1237 4203 1425 4277; x_wconf 86' lang='lat' dir='ltr'><strong>preceptum.</strong></span> 
     </span>
    </p>
   </div>
   <div class='ocr_carea' id='block_1_7' title="bbox 280 4341 2120 4645">
    <p class='ocr_par' dir='ltr' id='par_1_7' title="bbox 280 4341 2120 4645">
     <span class='ocr_line' id='line_1_28' title="bbox 280 4341 2120 4490; baseline 0.003 -26"><span class='ocrx_word' id='word_1_353' title='bbox 280 4381 443 4465; x_wconf 89' lang='lat' dir='ltr'><strong>XVIII.</strong></span> <span class='ocrx_word' id='word_1_354' title='bbox 489 4384 738 4490; x_wconf 79' lang='lat' dir='ltr'><strong>Kdoiplicber</strong></span> <span class='ocrx_word' id='word_1_355' title='bbox 767 4385 930 4490; x_wconf 82' lang='lat' dir='ltr'><strong>Besebl,</strong></span> <span class='ocrx_word' id='word_1_356' title='bbox 977 4387 1042 4467; x_wconf 82' lang='lat' dir='ltr'><strong>die</strong></span> <span class='ocrx_word' id='word_1_357' title='bbox 1078 4387 1155 4466; x_wconf 88' lang='lat' dir='ltr'><strong>dero</strong></span> <span class='ocrx_word' id='word_1_358' title='bbox 1183 4385 1413 4488; x_wconf 76' lang='lat' dir='ltr'><strong>Kousleoteo</strong></span> <span class='ocrx_word' id='word_1_359' title='bbox 1451 4341 1526 4467; x_wconf 80' lang='lat' dir='ltr'><strong>oms</strong></span> <span class='ocrx_word' id='word_1_360' title='bbox 1562 4389 1649 4468; x_wconf 86' lang='lat' dir='ltr'><strong>dem</strong></span> <span class='ocrx_word' id='word_1_361' title='bbox 1678 4388 1815 4470; x_wconf 82' lang='lat' dir='ltr'><strong>bonde</strong></span> <span class='ocrx_word' id='word_1_362' title='bbox 1853 4388 1926 4470; x_wconf 86' lang='lat' dir='ltr'><strong>dee</strong></span> <span class='ocrx_word' id='word_1_363' title='bbox 1954 4388 2120 4469; x_wconf 85' lang='lat' dir='ltr'><strong>Koiserc</strong></span> 
     </span>
     <span class='ocr_line' id='line_1_29' title="bbox 559 4536 1839 4645; baseline 0.002 -29"><span class='ocrx_word' id='word_1_364' title='bbox 559 4536 773 4643; x_wconf 74' lang='lat' dir='ltr'><strong>permodteu</strong></span> <span class='ocrx_word' id='word_1_365' title='bbox 800 4537 922 4620; x_wconf 81' lang='lat' dir='ltr'><strong>Gdter</strong></span> <span class='ocrx_word' id='word_1_366' title='bbox 950 4539 1092 4620; x_wconf 79' lang='lat' dir='ltr'><strong>wieder</strong></span> <span class='ocrx_word' id='word_1_367' title='bbox 1120 4563 1169 4618; x_wconf 80' lang='lat' dir='ltr'><strong>zor</strong></span> <span class='ocrx_word' id='word_1_368' title='bbox 1199 4548 1403 4622; x_wconf 81' lang='lat' dir='ltr'><strong>eretottere.</strong></span> <span class='ocrx_word' id='word_1_369' title='bbox 1464 4541 1578 4643; x_wconf 83' lang='lat'><strong>1215,</strong></span> <span class='ocrx_word' id='word_1_370' title='bbox 1609 4540 1724 4645; x_wconf 70' lang='lat' dir='ltr'><strong>April</strong></span> <span class='ocrx_word' id='word_1_371' title='bbox 1749 4541 1783 4620; x_wconf 89' lang='lat'><strong>7.</strong></span> <span class='ocrx_word' id='word_1_372' title='bbox 1803 4537 1839 4643; x_wconf 78' lang='lat'><strong>⁶)</strong></span> 
     </span>
    </p>
   </div>
   <div class='ocr_carea' id='block_1_8' title="bbox 282 4699 2119 4904">
    <p class='ocr_par' dir='ltr' id='par_1_8' title="bbox 282 4699 2119 4904">
     <span class='ocr_line' id='line_1_30' title="bbox 433 4699 2119 4786; baseline 0.003 -21"><span class='ocrx_word' id='word_1_373' title='bbox 433 4702 497 4766; x_wconf 82' lang='lat' dir='ltr'><strong>lien</strong></span> <span class='ocrx_word' id='word_1_374' title='bbox 516 4701 568 4765; x_wconf 89' lang='lat' dir='ltr'><strong>W.</strong></span> <span class='ocrx_word' id='word_1_375' title='bbox 591 4701 629 4766; x_wconf 94' lang='lat' dir='ltr'><strong>de</strong></span> <span class='ocrx_word' id='word_1_376' title='bbox 643 4699 835 4779; x_wconf 89' lang='lat' dir='ltr'><strong>Wrotebam,</strong></span> <span class='ocrx_word' id='word_1_377' title='bbox 858 4701 1073 4768; x_wconf 88' lang='lat' dir='ltr'><strong>archidiacono</strong></span> <span class='ocrx_word' id='word_1_378' title='bbox 1092 4699 1287 4767; x_wconf 86' lang='lat' dir='ltr'><strong>&#39;lantoniensi</strong></span> <span class='ocrx_word' id='word_1_379' title='bbox 1310 4713 1367 4768; x_wconf 89' lang='lat' dir='ltr'><strong>etc.</strong></span> <span class='ocrx_word' id='word_1_380' title='bbox 1412 4703 1591 4770; x_wconf 85' lang='lat' dir='ltr'><strong>Mandemus</strong></span> <span class='ocrx_word' id='word_1_381' title='bbox 1615 4705 1700 4768; x_wconf 84' lang='lat' dir='ltr'><strong>vobis</strong></span> <span class='ocrx_word' id='word_1_382' title='bbox 1721 4701 1801 4784; x_wconf 83' lang='lat' dir='ltr'><strong>qnod</strong></span> <span class='ocrx_word' id='word_1_383' title='bbox 1824 4703 1943 4768; x_wconf 87' lang='lat' dir='ltr'><strong>dicatis.</strong></span> <span class='ocrx_word' id='word_1_384' title='bbox 1965 4702 2119 4786; x_wconf 83' lang='lat' dir='ltr'><strong>Stephano</strong></span> 
     </span>
     <span class='ocr_line' id='line_1_31' title="bbox 282 4819 2118 4904; baseline 0.001 -18"><span class='ocrx_word' id='word_1_385' title='bbox 282 4819 411 4900; x_wconf 88' lang='lat' dir='ltr'><strong>Crabbe,</strong></span> <span class='ocrx_word' id='word_1_386' title='bbox 431 4823 481 4900; x_wconf 85' lang='lat' dir='ltr'><strong>qui</strong></span> <span class='ocrx_word' id='word_1_387' title='bbox 500 4830 548 4886; x_wconf 90' lang='lat' dir='ltr'><strong>est</strong></span> <span class='ocrx_word' id='word_1_388' title='bbox 558 4823 589 4885; x_wconf 91' lang='lat' dir='ltr'><strong>in</strong></span> <span class='ocrx_word' id='word_1_389' title='bbox 602 4820 737 4887; x_wconf 89' lang='lat' dir='ltr'><strong>custodia</strong></span> <span class='ocrx_word' id='word_1_390' title='bbox 750 4829 850 4884; x_wconf 85' lang='lat' dir='ltr'><strong>restra</strong></span> <span class='ocrx_word' id='word_1_391' title='bbox 865 4821 897 4884; x_wconf 93' lang='lat' dir='ltr'><strong>in</strong></span> <span class='ocrx_word' id='word_1_392' title='bbox 916 4819 1043 4884; x_wconf 87' lang='lat' dir='ltr'><strong>baillina</strong></span> <span class='ocrx_word' id='word_1_393' title='bbox 1055 4829 1165 4899; x_wconf 84' lang='lat' dir='ltr'><strong>vestra,</strong></span> <span class='ocrx_word' id='word_1_394' title='bbox 1184 4822 1265 4902; x_wconf 85' lang='lat' dir='ltr'><strong>qnod</strong></span> <span class='ocrx_word' id='word_1_395' title='bbox 1283 4822 1391 4886; x_wconf 90' lang='lat' dir='ltr'><strong>reddat</strong></span> <span class='ocrx_word' id='word_1_396' title='bbox 1406 4824 1625 4887; x_wconf 81' lang='lat' dir='ltr'><strong>mercatoribus</strong></span> <span class='ocrx_word' id='word_1_397' title='bbox 1641 4821 1679 4886; x_wconf 97' lang='lat' dir='ltr'><strong>de</strong></span> <span class='ocrx_word' id='word_1_398' title='bbox 1695 4831 1776 4886; x_wconf 90' lang='lat' dir='ltr'><strong>terra</strong></span> <span class='ocrx_word' id='word_1_399' title='bbox 1787 4821 1902 4887; x_wconf 90' lang='lat' dir='ltr'><strong>domini</strong></span> <span class='ocrx_word' id='word_1_400' title='bbox 1915 4821 2118 4904; x_wconf 86' lang='lat' dir='ltr'><strong>imperatoris,</strong></span> 
     </span>
    </p>
   </div>
   <div class='ocr_carea' id='block_1_9' title="bbox 282 5039 2119 5361">
    <p class='ocr_par' dir='ltr' id='par_1_9' title="bbox 282 5039 2119 5191">
     <span class='ocr_line' id='line_1_32' title="bbox 439 5039 2119 5108; baseline 0.001 -14"><span class='ocrx_word' id='word_1_401' title='bbox 439 5043 464 5107; x_wconf 89' lang='lat'><strong>¹)</strong></span> <span class='ocrx_word' id='word_1_402' title='bbox 490 5043 539 5096; x_wconf 82' lang='lat' dir='ltr'><strong>lite</strong></span> <span class='ocrx_word' id='word_1_403' title='bbox 557 5042 649 5095; x_wconf 83' lang='lat' dir='ltr'><strong>licinii</strong></span> <span class='ocrx_word' id='word_1_404' title='bbox 667 5045 751 5096; x_wconf 81' lang='lat' dir='ltr'><strong>beben</strong></span> <span class='ocrx_word' id='word_1_405' title='bbox 770 5056 834 5096; x_wconf 74' lang='lat' dir='ltr'><strong>nure</strong></span> <span class='ocrx_word' id='word_1_406' title='bbox 861 5043 982 5096; x_wconf 78' lang='lat' dir='ltr'><strong>Pcnbroc</strong></span> <span class='ocrx_word' id='word_1_407' title='bbox 1001 5050 1027 5095; x_wconf 88' lang='lat' dir='ltr'><strong>et</strong></span> <span class='ocrx_word' id='word_1_408' title='bbox 1044 5041 1136 5096; x_wconf 82' lang='lat' dir='ltr'><strong>moitis</strong></span> <span class='ocrx_word' id='word_1_409' title='bbox 1154 5043 1223 5096; x_wconf 78' lang='lat' dir='ltr'><strong>oilie.</strong></span> <span class='ocrx_word' id='word_1_410' title='bbox 1347 5043 1373 5108; x_wconf 84' lang='lat'><strong>²)</strong></span> <span class='ocrx_word' id='word_1_411' title='bbox 1401 5042 1441 5092; x_wconf 86' lang='lat' dir='ltr'><strong>tm</strong></span> <span class='ocrx_word' id='word_1_412' title='bbox 1461 5041 1600 5104; x_wconf 80' lang='lat' dir='ltr'><strong>iotgenden</strong></span> <span class='ocrx_word' id='word_1_413' title='bbox 1619 5039 1783 5104; x_wconf 78' lang='lat' dir='ltr'><strong>tabrelili</strong></span> <span class='ocrx_word' id='word_1_414' title='bbox 1801 5043 1890 5095; x_wconf 86' lang='lat' dir='ltr'><strong>boden</strong></span> <span class='ocrx_word' id='word_1_415' title='bbox 1909 5045 1955 5097; x_wconf 81' lang='lat' dir='ltr'><strong>uir</strong></span> <span class='ocrx_word' id='word_1_416' title='bbox 1973 5043 2119 5099; x_wconf 83' lang='lat' dir='ltr'><strong>denseren</strong></span> 
     </span>
     <span class='ocr_line' id='line_1_33' title="bbox 282 5126 951 5191; baseline 0 -15"><span class='ocrx_word' id='word_1_417' title='bbox 282 5126 323 5187; x_wconf 83' lang='lat' dir='ltr'><strong>als</strong></span> <span class='ocrx_word' id='word_1_418' title='bbox 338 5126 496 5190; x_wconf 75' lang='lat' dir='ltr'><strong>Neebtotger</strong></span> <span class='ocrx_word' id='word_1_419' title='bbox 514 5128 562 5180; x_wconf 84' lang='lat' dir='ltr'><strong>des</strong></span> <span class='ocrx_word' id='word_1_420' title='bbox 580 5128 708 5180; x_wconf 76' lang='lat' dir='ltr'><strong>Kanaiers</strong></span> <span class='ocrx_word' id='word_1_421' title='bbox 727 5127 853 5184; x_wconf 83' lang='lat' dir='ltr'><strong>Wllbelm</strong></span> <span class='ocrx_word' id='word_1_422' title='bbox 873 5127 951 5191; x_wconf 66' lang='lat' dir='ltr'><strong>Gran.</strong></span> 
     </span>
    </p>

    <p class='ocr_par' dir='ltr' id='par_1_10' title="bbox 438 5207 1755 5276">
     <span class='ocr_line' id='line_1_34' title="bbox 438 5207 1755 5276; baseline -0.004 -12"><span class='ocrx_word' id='word_1_423' title='bbox 438 5211 464 5276; x_wconf 80' lang='lat'><strong>³)</strong></span> <span class='ocrx_word' id='word_1_424' title='bbox 491 5213 583 5264; x_wconf 85' lang='lat' dir='ltr'><strong>liotnii</strong></span> <span class='ocrx_word' id='word_1_425' title='bbox 602 5213 737 5265; x_wconf 80' lang='lat' dir='ltr'><strong>literarum</strong></span> <span class='ocrx_word' id='word_1_426' title='bbox 757 5214 912 5276; x_wconf 88' lang='lat' dir='ltr'><strong>petentium.</strong></span> <span class='ocrx_word' id='word_1_427' title='bbox 932 5212 990 5266; x_wconf 88' lang='lat' dir='ltr'><strong>vot.</strong></span> <span class='ocrx_word' id='word_1_428' title='bbox 1002 5214 1024 5276; x_wconf 90' lang='lat' dir='ltr'><strong>l,</strong></span> <span class='ocrx_word' id='word_1_429' title='bbox 1044 5210 1066 5263; x_wconf 89' lang='lat' dir='ltr'><strong>l.</strong></span> <span class='ocrx_word' id='word_1_430' title='bbox 1084 5226 1110 5276; x_wconf 89' lang='lat' dir='ltr'><strong>p.</strong></span> <span class='ocrx_word' id='word_1_431' title='bbox 1123 5210 1179 5266; x_wconf 71' lang='lat'><strong>102.</strong></span> <span class='ocrx_word' id='word_1_432' title='bbox 1214 5210 1291 5264; x_wconf 72' lang='lat' dir='ltr'><strong>Anob</strong></span> <span class='ocrx_word' id='word_1_433' title='bbox 1310 5213 1353 5265; x_wconf 88' lang='lat' dir='ltr'><strong>bei</strong></span> <span class='ocrx_word' id='word_1_434' title='bbox 1371 5211 1521 5276; x_wconf 76' lang='lat' dir='ltr'><strong>Sodoedors</strong></span> <span class='ocrx_word' id='word_1_435' title='bbox 1535 5222 1559 5263; x_wconf 83' lang='grc'><strong>1.</strong></span> <span class='ocrx_word' id='word_1_436' title='bbox 1577 5223 1601 5262; x_wconf 85' lang='lat' dir='ltr'><strong>c.</strong></span> <span class='ocrx_word' id='word_1_437' title='bbox 1620 5210 1653 5264; x_wconf 91' lang='lat'><strong>0.</strong></span> <span class='ocrx_word' id='word_1_438' title='bbox 1671 5210 1697 5262; x_wconf 79' lang='lat' dir='ltr'><strong>S·</strong></span> <span class='ocrx_word' id='word_1_439' title='bbox 1712 5207 1755 5264; x_wconf 82' lang='grc'><strong>91.</strong></span> 
     </span>
    </p>

    <p class='ocr_par' dir='ltr' id='par_1_11' title="bbox 438 5293 1882 5361">
     <span class='ocr_line' id='line_1_35' title="bbox 438 5293 1882 5361; baseline -0.001 -14"><span class='ocrx_word' id='word_1_440' title='bbox 438 5294 464 5354; x_wconf 88' lang='lat'><strong>⁴)</strong></span> <span class='ocrx_word' id='word_1_441' title='bbox 492 5294 553 5347; x_wconf 74' lang='lat' dir='ltr'><strong>Ans</strong></span> <span class='ocrx_word' id='word_1_442' title='bbox 571 5297 623 5348; x_wconf 83' lang='lat' dir='ltr'><strong>den</strong></span> <span class='ocrx_word' id='word_1_443' title='bbox 642 5298 748 5350; x_wconf 73' lang='lat' dir='ltr'><strong>notulis</strong></span> <span class='ocrx_word' id='word_1_444' title='bbox 767 5299 901 5352; x_wconf 84' lang='lat' dir='ltr'><strong>literarum</strong></span> <span class='ocrx_word' id='word_1_445' title='bbox 920 5297 1081 5351; x_wconf 78' lang='lat' dir='ltr'><strong>clausarum.</strong></span> <span class='ocrx_word' id='word_1_446' title='bbox 1100 5297 1131 5348; x_wconf 87' lang='lat' dir='ltr'><strong>T.</strong></span> <span class='ocrx_word' id='word_1_447' title='bbox 1146 5299 1167 5348; x_wconf 92' lang='lat' dir='ltr'><strong>l.</strong></span> <span class='ocrx_word' id='word_1_448' title='bbox 1186 5310 1212 5361; x_wconf 90' lang='lat' dir='ltr'><strong>p.</strong></span> <span class='ocrx_word' id='word_1_449' title='bbox 1229 5295 1313 5350; x_wconf 71' lang='lat' dir='ltr'><strong>illa.</strong></span> <span class='ocrx_word' id='word_1_450' title='bbox 1518 5293 1544 5361; x_wconf 79' lang='lat'><strong>⁵)</strong></span> <span class='ocrx_word' id='word_1_451' title='bbox 1571 5295 1738 5348; x_wconf 83' lang='lat' dir='ltr'><strong>Ebandaber.</strong></span> <span class='ocrx_word' id='word_1_452' title='bbox 1757 5308 1782 5358; x_wconf 90' lang='lat' dir='ltr'><strong>p.</strong></span> <span class='ocrx_word' id='word_1_453' title='bbox 1801 5293 1882 5350; x_wconf 78' lang='grc'><strong>1931.</strong></span> 
     </span>
    </p>
   </div>
   <div class='ocr_carea' id='block_1_10' title="bbox 354 5423 1919 5489">
    <p class='ocr_par' dir='ltr' id='par_1_12' title="bbox 354 5423 1919 5489">
     <span class='ocr_line' id='line_1_36' title="bbox 354 5423 1919 5489; baseline 0.003 -13"><span class='ocrx_word' id='word_1_454' title='bbox 354 5423 516 5489; x_wconf 75' lang='lat' dir='ltr'><strong>bbtbeiIuns</strong></span> <span class='ocrx_word' id='word_1_455' title='bbox 530 5427 565 5478; x_wconf 90' lang='grc'><strong>11.</strong></span> <span class='ocrx_word' id='word_1_456' title='bbox 1901 5427 1919 5481; x_wconf 75' lang='grc'><strong>1</strong></span> 
     </span>
    </p>
   </div>
   <div class='ocr_carea' id='block_1_11' title="bbox 0 0 2504 6256">
    <p class='ocr_par' dir='ltr' id='par_1_13' title="bbox 0 0 2504 6256">
     <span class='ocr_line' id='line_1_37' title="bbox 0 0 2504 6256; baseline 0 0"><span class='ocrx_word' id='word_1_457' title='bbox 0 0 2504 6256; x_wconf 95' lang='lat' dir='ltr'><strong> </strong></span> 
     </span>
    </p>
   </div>
  </div>
 </body>
</html>
