4998 6256
1113 519 1271 715 (rso.)
1550 661 1555 670 .
2059 615 2115 698 ra

274 923 344 976 oum
365 907 456 972 rebus
477 914 508 970 et
525 903 725 972 mercandisis
743 906 818 986 suis,
840 905 953 970 ibidem
974 901 1122 970 morando
1145 910 1175 968 ct
1195 903 1266 970 inde
1288 904 1468 983 recedendo,
1490 904 1607 970 nuttrrm
1629 903 1765 972 inieratis
1787 912 1841 968 aut
1863 905 1901 968 ab
1920 901 1990 968 atita
2008 898 2114 966 interni

205 1108 207 1119 ⁴
273 1027 454 1107 permittatis
469 1023 717 1108 impedimentum
736 1033 978 1108 auigranamen.
1007 1023 1070 1088 Nec
1086 1039 1139 1088 eos
1150 1032 1255 1088 contra
1272 1025 1467 1104 quietantiam
1479 1025 1666 1105 praedictam
1678 1025 1791 1088 vexetis
1810 1031 1862 1087 aut
1880 1022 1919 1086 ab
1931 1021 2000 1086 atiis
2011 1021 2114 1084 vexari

273 1145 465 1226 permittatis.
497 1143 531 1208 tn
551 1145 637 1209 cuins
655 1145 700 1208 rei
719 1140 923 1210 testimoninm
947 1140 1003 1208 bas
1020 1131 1125 1208 literas
1147 1151 1268 1208 nostras
1291 1141 1354 1207 beri
1373 1129 1500 1209 fecimus
1512 1151 1660 1223 patentes,
1681 1158 1738 1224 per
1754 1141 1941 1221 septennium
1957 1139 2113 1214 durantes,

273 1264 346 1329 dnm
361 1272 463 1329 tamen
479 1263 570 1328 iidem
582 1263 749 1347 burgenses
760 1263 882 1326 interim
894 1263 970 1328 bene
989 1269 1019 1326 et
1029 1255 1158 1326 ttdetiter
1170 1279 1203 1326 se
1220 1262 1381 1328 habuerint
1397 1277 1471 1344 erga
1488 1253 1810 1341 praeconandorum,
1826 1257 1953 1323 tratrem
1964 1265 2112 1322 nostrum.

271 1382 362 1448 Teste
383 1399 432 1448 me
453 1384 532 1464 ipso,
554 1382 635 1462 apud
657 1379 977 1458 Westmonasterinm,
1000 1380 1158 1445 mdeeimo
1180 1381 1228 1446 die
1248 1378 1331 1460 binii,
1354 1397 1435 1445 anno
1457 1381 1541 1464 regui
1565 1381 1661 1444 nostri
1683 1378 1917 1460 quadragesimo
1938 1378 2049 1458 primo.

427 1501 506 1566 ttaec
528 1501 615 1565 litera
638 1499 793 1581 duplicata
815 1508 870 1578 est,
893 1514 951 1578 pro
972 1500 1175 1584 burgensibus
1196 1500 1297 1577 bacis,
1319 1497 1491 1582 brunswig,
1514 1507 1544 1563 et
1565 1497 1678 1565 Lubet.
1695 1497 1731 1577 1)

271 1706 479 1790 xxviii
523 1709 711 1811 thbebn,
751 1708 929 1790 Wctneba
951 1709 1127 1813 Reyrtera
1147 1709 1264 1811 Solus,
1296 1708 1477 1813 amicust
1499 1710 1586 1789 dem
1606 1707 1871 1790 Addermncme
1892 1707 1963 1786 dor
1984 1705 2113 1786 Dent-

271 1861 404 1964 ocioo,
436 1859 591 1964 Aunctf,
628 1861 843 1944 tttodmcra
862 1860 980 1961 Solio,
1009 1861 1078 1965 fiir
1107 1867 1198 1942 anei
1226 1860 1338 1942 itioris
1368 1859 1542 1967 Stortbop
1573 1860 1637 1942 die
1657 1861 1859 1966 jiibrlicbo
1883 1859 2010 1940 Bouto
2040 1883 2116 1939 oon

339 2020 432 2094 muci
454 2011 692 2120 Seitttscpec
712 2012 780 2117 fiir
800 2019 863 2094 cin
888 2012 1010 2096 Sittctr
1033 2014 1194 2094 dundee
1219 2014 1361 2097 bsiticb
1380 2041 1453 2095 ooo
1479 2017 1550 2096 der
1575 2013 1790 2094 deooiaobon
1816 2011 2039 2093 Giddebolie

919 2191 969 2246 ac
997 2165 1169 2248 bondon.
1225 2164 1397 2269 (1260.)
1427 2165 1464 2269 ⁹)
1571 2252 1575 2260 ,

424 2329 529 2397 Sciam
549 2340 706 2412 presentes
728 2339 758 2395 et
779 2329 890 2409 tutari,
920 2326 1003 2411 qnod
1024 2344 1082 2414 ego
1104 2328 1306 2409 Witbetmus,
1329 2331 1410 2395 tttins
1431 2327 1589 2394 Witbctmi
1611 2329 1758 2412 Repperi,
1792 2331 1910 2410 quietas
1932 2327 2063 2392 otamaui
2085 2335 2115 2389 et

270 2449 404 2532 presenti
433 2456 518 2512 carta
539 2463 606 2512 mea
628 2449 807 2513 confirmant
828 2448 944 2513 soiiicet
966 2447 1141 2528 Arnutpbo,
1154 2449 1193 2528 θ)
1214 2448 1279 2514 titio
1300 2448 1479 2527 Tbedmari‚
1512 2448 1689 2512 aldermano
1710 2455 1914 2512 mercatorum
1937 2446 2114 2511 biemanuie

270 2567 302 2628 in
324 2564 466 2648 bngtiam
488 2567 678 2645 venientium,
702 2575 731 2631 ei
752 2567 867 2632 eisdem
889 2569 1109 2632 mercatoribus
1131 2567 1208 2632 duas
1230 2567 1377 2632 sotidatas
1399 2569 1490 2631 annui
1513 2574 1542 2630 et
1554 2568 1647 2646 parieti
1668 2566 1814 2644 redditus,
1836 2581 1914 2645 quas
1930 2579 2113 2644 perannum

270 2684 407 2764 recipere
428 2684 564 2748 sotebam
586 2685 625 2748 de
645 2683 777 2763 quadam
799 2685 950 2767 partiente
972 2695 1052 2749 terre
1074 2701 1143 2749 cnm
1165 2685 1361 2763 pertinenciis
1381 2684 1413 2748 in
1436 2655 1690 2790 interdicentur
1705 2682 1999 2760 Gitdbattieeorum,
2022 2695 2114 2761 quam
2190 2757 2194 2766 Ι
2219 2753 2225 2758 ,

271 2800 386 2864 babent
405 2801 549 2878 London,
578 2804 609 2866 iu
630 2802 777 2881 parocbia
800 2805 935 2868 omnium
958 2811 1131 2868 sanctornm
1145 2803 1183 2882 ⁴)
1206 2803 1408 2882 adscriptam,
1431 2821 1469 2866 eu
1490 2805 1686 2868 concessione
1708 2803 1823 2867 domini
1844 2801 1935 2886 ttegis
1956 2809 1987 2865 et
2008 2799 2115 2882 prede

271 2935 426 2984 cessornm
449 2935 575 2984 snorum
597 2919 710 2985 babent
731 2930 760 2986 et
781 2930 897 3000 tenent,
925 2921 1038 2986 eisdem
1063 2931 1092 2986 et
1114 2922 1340 2987 successoribus
1363 2938 1468 2986 eorum
1491 2920 1529 2985 ad
1551 2921 1719 3002 predictam
1742 2919 1940 2985 Gitdbattiam
1961 2920 2114 3000 pertinen-

270 3037 361 3114 tibus,
386 3047 513 3117 propter
534 3055 583 3103 me
604 3047 634 3102 et
655 3039 782 3104 heredes
804 3057 888 3104 meos
910 3040 1022 3120 tibere,
1045 3041 1161 3120 quiete,
1185 3041 1278 3120 bene,
1302 3041 1418 3122 integre
1439 3049 1469 3104 et
1491 3041 1521 3103 in
1544 3057 1620 3122 pace
1639 3041 1671 3104 in
1699 3047 1891 3120 perpetuum.
1941 3038 2000 3114 tta,
2034 3035 2116 3115 quod

270 3169 329 3236 ego
344 3155 397 3218 ¹vet
419 3155 546 3242 beredes
567 3159 629 3222 mei
650 3158 694 3222 vet
718 3157 828 3238 aiiuuis
850 3173 906 3240 per
926 3175 983 3223 nos
1005 3160 1052 3223 rei
1079 3172 1136 3239 pro
1165 3160 1254 3224 uobis
1282 3159 1375 3224 niobit
1403 3157 1443 3222 de
1470 3161 1627 3223 aeternio
1658 3159 1802 3237 predictis
1829 3157 1948 3220 duabus
1977 3152 2115 3219 sotidatis

269 3273 363 3335 annui
385 3280 414 3335 et
435 3274 527 3354 quieti
550 3273 687 3339 redditus
708 3277 843 3354 poterint
864 3277 995 3360 exigere,
1017 3276 1131 3342 babere
1153 3276 1199 3341 vei
1224 3277 1412 3366 ciamaretur
1433 3284 1623 3359 perpetuum.

424 3389 483 3453 Pro
505 3391 563 3454 bac
583 3399 685 3455 autem
707 3393 902 3470 remissione,
937 3395 1038 3472 quieta
1061 3395 1242 3460 etamatione
1273 3404 1302 3458 et
1323 3400 1472 3475 presentis
1494 3403 1577 3459 carte
1599 3411 1664 3458 mee
1686 3393 1913 3457 confirmatione
1935 3390 2018 3454 dedit
2039 3388 2115 3452 mibi

269 3515 446 3588 prenotatns
468 3507 646 3587 brnnlpbns
667 3509 745 3574 duaa
758 3519 887 3576 ‘marcas
909 3511 1125 3595 sterlingorum
1132 3529 1144 3588 ;
1179 3521 1209 3576 et
1239 3520 1271 3575 ut
1300 3511 1355 3575 bec
1383 3513 1486 3576 omnia
1508 3511 1645 3590 predicta
1667 3519 1732 3576 raia
1755 3519 1786 3575 et
1807 3511 1894 3574 tirma
1916 3516 2115 3589 permaneant

268 3627 503 3706 inperpetuum
526 3626 597 3690 bnic
618 3633 700 3691 carte
722 3628 857 3711 sigilium
880 3643 980 3694 meum
1002 3634 1145 3709 apposni.
1189 3629 1285 3694 tinius
1308 3631 1450 3695 testibus:
1473 3629 1786 3712 dominoWilbetmo,
1810 3629 1872 3693 titio
1888 3623 2021 3704 Ricardi,
2044 3634 2115 3689 tuno

270 3742 533 3838 maioreLoadou,
556 3742 655 3810 Adam
667 3745 803 3828 Brnning
814 3755 843 3810 ei
854 3745 995 3811 iteicrioo
1006 3747 1044 3812 de
1056 3747 1218 3827 Konentre,
1242 3757 1315 3813 tunc
1326 3749 1562 3828 vicecomitibus,
1585 3748 1842 3828 idiobaeie'iony,
1857 3747 1892 3824 ὅ)
1916 3745 2115 3810 atdremanno

268 3861 352 3926 ittius
373 3863 497 3940 warde,
532 3861 672 3928 Gattiido
701 3864 740 3928 de
770 3863 952 3946 Wyntonia,
986 3866 1118 3931 boberto
1146 3867 1184 3931 de
1213 3864 1377 3944 Combult,
1411 3867 1557 3950 Rogerio,
1590 3867 1653 3932 titio
1675 3866 1784 3941 Aticie,
1816 3865 1953 3929 dobanne
1975 3863 2063 3940 Saor,
2078 3863 2114 3942 ο)

267 3977 434 4043 Witbetmo
457 3978 576 4061 cosyn,
598 3981 730 4047 Ricardo
751 3982 790 4046 de
811 3982 959 4062 ttotreste,
1096 3984 1181 4062 Kox,
1194 3985 1229 4062 7)
1253 3984 1403 4067 Gregorio
1424 3985 1462 4049 de
1484 3985 1629 4064 itoireste,
1651 3985 1791 4048 Waitero
1814 3980 1895 4061 tior,
1917 3983 2057 4046 dobanue
2078 3980 2116 4045 de

268 4097 429 4177 namnam,
452 4099 581 4165 tteurico
603 4099 713 4166 Bemat
727 4103 762 4180 8)
785 4111 814 4166 et
835 4103 913 4166 attis.

426 4349 450 4414 ¹)
477 4351 543 4404 titec
560 4353 597 4404 ist
614 4367 646 4406 ru
665 4353 755 4407 tesana
784 4358 976 4412 mercatoribus
995 4359 1072 4410 ducis
1090 4360 1123 4411 de
1141 4359 1290 4424 tirnusuig,
1309 4361 1341 4413 de
1359 4361 1477 4415 bobeta.

425 4452 451 4520 ²)
478 4453 539 4506 Ans
562 4455 622 4508 dem
641 4455 737 4508 cbtner
755 4456 948 4523 Coptatbuebe,
974 4460 1087 4514 ucicbes
1112 4463 1155 4513 dte
1177 4462 1279 4514 Numen
1305 4464 1405 4528 einiger
1424 4465 1528 4530 zanger
1552 4465 1615 4516 cebr
1638 4463 1757 4516 entstdtt
1780 4464 1834 4514 bct.
1870 4461 1921 4514 nra
1938 4461 2040 4520 ttamen
2065 4459 2113 4511 des

266 4538 375 4603 ltapors
395 4537 448 4590 und
467 4539 516 4590 der
534 4539 645 4592 sberttts
664 4539 714 4594 rob
729 4542 840 4595 London
859 4545 961 4609 aetgeu,
979 4546 1042 4597 dass
1062 4546 1135 4598 diese
1154 4547 1279 4599 Urtunde
1298 4548 1359 4600 dem
1378 4549 1457 4601 tabre
1477 4546 1544 4603 titio
1561 4550 1698 4613 angcbdct.
1735 4547 1814 4598 Siebe
1833 4545 1964 4598 Cbrontca
1982 4546 2114 4597 maiorum

267 4627 294 4674 et
316 4622 501 4676 vicecomitum
519 4624 643 4676 London.
666 4640 693 4690 p.
707 4624 749 4678 ti.
783 4629 896 4680 dnsotda
916 4629 1052 4682 cbroutcte
1077 4630 1107 4682 ot
1127 4632 1248 4684 London.
1274 4646 1300 4696 p.
1314 4629 1356 4684 42.
1565 4635 1591 4698 ³)
1619 4634 1655 4685 tir
1678 4632 1741 4684 utrd
1766 4637 1846 4683 sonat
1862 4629 1964 4682 Arnotd
1989 4635 2113 4692 genennt.

269 4703 295 4772 ⁴)
321 4707 376 4759 Iier
392 4706 588 4773 Abscbreiber‚
615 4723 690 4762 ucnn
715 4713 788 4763 ntcbt
813 4713 859 4765 der
878 4714 1031 4778 Sebreiber,
1059 4716 1163 4767 sebetut
1187 4717 1243 4767 bier
1267 4718 1309 4769 die
1334 4719 1432 4772 ninere
1450 4718 1635 4780 tieretcbnung
1661 4719 1707 4768 der
1727 4717 1841 4779 warde,
1867 4717 1894 4766 in
1919 4713 2030 4766 uetabar
2052 4715 2114 4775 jane

267 4789 397 4844 iittdbcite
416 4794 472 4856 teg,
492 4803 633 4856 ramessen
652 4807 685 4847 au
702 4797 798 4860 baben,
817 4798 850 4850 da
868 4803 946 4851 unter
964 4800 1015 4851 den
1034 4799 1138 4864 zengen
1159 4801 1205 4853 der
1222 4801 1369 4854 Aidermca
1389 4803 1484 4856 “titius
1503 4800 1631 4855 uardce”
1649 4805 1765 4865 genennt
1782 4801 1856 4853 uird.
1891 4799 1928 4850 tis
1948 4799 2035 4851 tebteu
2055 4797 2113 4851 atso

266 4877 438 4930 ucrmutbiteb
459 4879 501 4930 dte
520 4879 630 4932 Worte=
658 4881 684 4931 tu
702 4880 830 4943 Iiougcte
848 4884 944 4948 warda,
963 4896 1038 4936 nanu
1058 4887 1155 4940 audens
1174 4887 1217 4938 dte
1235 4887 1337 4940 Numen
1357 4889 1404 4940 der
1424 4888 1521 4942 warda
1539 4901 1586 4939 vor
1606 4889 1652 4939 der
1670 4887 1821 4950 ltcgterung
1838 4887 1926 4950 itdnig
1944 4885 2073 4937 Edwards
2091 4887 2112 4935 1.

267 4963 450 5014 roriommen.
485 4963 532 5014 tiis
551 4964 630 5016 dobin
650 4966 755 5018 werden
775 4967 816 5018 sie
833 4969 994 5030 geudbnticb
1013 4969 1080 5022 nccb
1098 4969 1262 5024 deuttcmeu
1274 4972 1538 5036 derbtdermaunea,
1557 4971 1654 5024 uciche
1667 4973 1707 5022 sic
1720 4971 1808 5024 crerbt
1823 4971 1887 5023 oder
1902 4970 2113 5032 ertauttbatten,

267 5045 395 5098 bcucuut.
430 5049 460 5097 tn
480 5047 614 5100 tctaterem
628 5049 701 5102 rotie
719 5053 787 5104 utre
806 5053 847 5105 bet
866 5049 1018 5106 “tramae''
1037 5055 1263 5120 bincuaudentten,
1281 5057 1307 5107 tn
1326 5058 1439 5108 uetcber
1457 5055 1642 5109 dtthtdbctte
1660 5056 1767 5120 getegen
1787 5056 1831 5107 tst
1935 5055 1962 5120 ⁶)
1982 5055 2063 5120 (tany.
2083 5054 2112 5105 c.

265 5130 380 5183 litabant
406 5131 482 5196 nour
505 5144 558 5184 urar
581 5135 624 5186 ctu
651 5133 853 5202 Goidscbmidt,
883 5133 948 5190 tnta
973 5137 1027 5190 und
1055 5136 1122 5194 rata
1145 5141 1240 5204 Moror
1265 5153 1316 5193 rou
1340 5141 1474 5203 Loudnn,
1505 5141 1622 5194 ueicben
1651 5141 1737 5205 nonu
1762 5139 1887 5193 Heinrich
1912 5153 2001 5204 uegen
2026 5141 2114 5191 setner

265 5212 438 5268 Tbattnabrnc
462 5228 496 5268 an
514 5217 566 5269 dea
585 5219 772 5302 burgerttcbeu
791 5221 919 5274 Unrabcn
945 5223 1080 5275 rerbatteu
1106 5225 1181 5276 tices.
1217 5225 1281 5278 sein
1300 5223 1537 5290 gieicbbenanuter
1554 5225 1627 5279 soba
1655 5227 1725 5280 uard
1747 5221 1813 5278 into
1837 5237 1927 5288 regen
1947 5225 2112 5277 Riobereten

228 5305 236 5319 ·
265 5308 327 5351 rom
344 5297 447 5364 tibutge
464 5299 577 5355 Eduard
595 5305 616 5354 1.
635 5305 816 5387 biugcriebtat
945 5305 972 5373 ⁶)
999 5308 1079 5362 Ltesa
1107 5308 1191 5362 steri
1321 5309 1348 5377 r)
1375 5311 1457 5363 ideae
1483 5307 1560 5364 nort
1691 5311 1717 5376 Β)
1744 5311 1872 5368 barnardi
1891 5309 1957 5362 oder
1974 5305 2112 5362 mainardi
