4998 6256
399 585 474 668 ae
1170 583 1279 680 lero,
1305 585 1391 658 uae
1418 582 1477 654 ιι.
1552 633 1553 638 ι

417 869 603 949 subscripta,
647 885 716 933 curn
749 871 888 934 omuibus
920 871 983 936 suis
1014 871 1225 951 pertinenciis,
1268 872 1379 936 situata
1416 873 1446 935 in
1479 870 1586 937 warda
1619 871 1657 935 de
1689 870 1837 953 bowgau
1868 872 1899 935 in
1931 873 2077 951 parochia
2109 870 2255 938 Omnium

417 985 598 1052 Sanctorum
620 986 659 1051 ad
680 987 783 1052 lenum
804 988 958 1068 Lcndon,
980 992 1011 1052 in
1035 988 1188 1068 Lcndon.;
1222 990 1360 1055 videlicet
1380 988 1492 1072 (siche
1515 987 1567 1056 die
1588 987 1741 1076 [algendo
1770 987 2011 1076 Vcrzeicbuuug
2035 989 2116 1058 obeo
2138 989 2174 1057 iu
2197 988 2256 1058 der

421 1101 577 1171 Urlcuude
604 1125 677 1170 vom
704 1103 805 1173 Jolcre
827 1105 948 1191 1410,
977 1105 1127 1174 Februcr
1149 1105 1253 1193 ab),
1287 1119 1316 1173 et
1343 1110 1440 1173 vicum
1469 1110 1586 1190 regium
1613 1108 1771 1173 ducentem
1799 1125 1903 1173 versus
1929 1109 2077 1192 Dowgate
2104 1126 2141 1172 ex
2169 1117 2257 1191 parte

417 1222 576 1302 orientali,
610 1224 748 1289 habenda
778 1235 807 1289 et
834 1225 963 1290 tenenda
990 1229 1091 1290 omnia
1120 1227 1272 1307 predicta,
1306 1236 1402 1291 terras
1429 1236 1459 1291 et
1480 1233 1664 1305 tenementa,
1698 1243 1766 1290 cum
1795 1226 1935 1290 omnibus
1962 1229 2026 1291 suis
2052 1228 2255 1309 pertinenciis,

418 1341 539 1420 prelato
571 1340 704 1407 ttobeuo
736 1345 797 1407 Fitz
830 1343 944 1408 liobert
977 1347 1103 1422 iuniori,
1143 1354 1172 1408 et
1204 1345 1365 1410 heredibus
1397 1345 1470 1410 dicti
1502 1343 1624 1408 heberti
1655 1343 1719 1409 Fitz
1751 1344 1864 1408 llobcrt
1896 1346 2022 1408 iunioris
2056 1344 2095 1408 de
2127 1345 2259 1423 corpore

414 1457 603 1542 margarete,
632 1461 694 1524 illie
720 1478 800 1540 mee,
829 1462 962 1545 legitime
989 1462 1198 1542 procreandis.
1242 1437 1331 1527 Et'si
1360 1465 1515 1546 contingat
1541 1463 1654 1528 dictum
1681 1430 1846 1527 hebertum
1872 1461 1936 1526 Fitr
1964 1461 2078 1526 liobert
2104 1463 2252 1526 iuniorem

415 1579 482 1642 sine
513 1577 677 1642 heredibus
716 1581 780 1644 suis
817 1581 855 1644 de
888 1597 1016 1662 corpore
1052 1579 1131 1646 dicte
1163 1581 1333 1666 Margarete
1370 1580 1502 1665 legitime
1540 1583 1708 1662 procreatis
1745 1581 1847 1658 obire,
1891 1581 1973 1660 quod
2011 1589 2122 1646 extunc
2153 1582 2255 1644 omnia

414 1695 566 1776 predicta,
601 1705 696 1762 terras
719 1707 748 1762 et
771 1707 956 1776 tenemeuta,
989 1717 1058 1764 cum
1080 1701 1221 1765 omnibus
1243 1703 1307 1764 suis
1328 1701 1536 1780 pertinenciis,
1568 1701 1685 1782 integre
1707 1708 1881 1764 remaneant
1903 1697 2034 1763 Roberto
2055 1697 2118 1762 utu
2141 1698 2254 1762 liobert

415 1815 547 1891 seniori,
580 1817 638 1880 cici
667 1824 696 1879 et
723 1833 854 1899 grocerc
885 1817 1027 1896 Lcndon,
1062 1817 1224 1882 heredibus
1250 1825 1280 1881 et
1306 1820 1468 1901 assignatis
1501 1820 1579 1897 suis,
1612 1818 1650 1882 de
1683 1819 1863 1898 capitalibus
1895 1817 2027 1882 dominis
2058 1815 2140 1880 leodi
2172 1815 2254 1880 illius

417 1947 475 2010 per
496 1935 622 1998 servicia
652 1935 722 1998 iude
744 1934 845 1999 debita
873 1945 903 1999 et
929 1936 967 2000 de
995 1937 1062 2000 iure
1088 1945 1231 2000 consueta
1257 1938 1480 2017 imperpetuum
1487 1957 1497 2014 ;
1531 1945 1560 2001 et
1581 1935 1734 2000 reddendo
1756 1936 1825 2000 iude
1846 1937 2002 2000 annuatim
2025 1933 2116 1998 michi
2137 1932 2255 2014 preiato
2328 1950 2335 1964 ·

417 2047 548 2116 lieberto
577 2049 762 2117 cumberton
791 2053 837 2118 rel
867 2055 1029 2138 assignatis
1058 2056 1134 2120 meis
1163 2063 1215 2118 aut
1242 2071 1310 2118 ureo
1339 2063 1421 2119 certo
1448 2063 1616 2132 atwrnato,
1650 2055 1710 2118 rita
1736 2055 1795 2118 mei
1821 2054 1894 2118 dicti
1920 2052 2044 2118 heberti
2069 2049 2255 2118 cumbertus

419 2167 582 2248 durante,·
603 2173 707 2254 viginti
745 2181 775 2236 et
806 2174 938 2253 quinque
971 2190 1091 2238 marcas
1122 2173 1353 2255 sterlingorum,
1393 2172 1431 2237 ad
1464 2181 1595 2252 quatuor
1630 2174 1702 2236 anni
1734 2174 1879 2236 terminos
1911 2171 2112 2252 principales,
2147 2179 2185 2264 ‘et
2222 2172 2253 2232 in

417 2288 535 2352 ciuitate
556 2287 694 2354 London.
718 2289 855 2368 usuales,
889 2309 945 2371 per
971 2292 1095 2371 equales
1121 2293 1300 2372 porciones;
1328 2293 1427 2371 primo
1455 2293 1584 2356 termino
1609 2291 1764 2356 solucione
1789 2290 1860 2356 inde
1889 2290 2050 2371 incipiente
2077 2288 2116 2352 ad
2145 2286 2254 2352 temam

416 2407 580 2470 naucitatis
619 2410 715 2472 sancti
752 2408 899 2473 lobannis
937 2411 1066 2490 baptista
1103 2413 1242 2490 proxime
1279 2409 1413 2473 intutum
1453 2418 1523 2489 post
1557 2410 1660 2473 datum
1700 2411 1902 2488 presencium.
1956 2405 1993 2470 Et
2031 2409 2058 2472 si
2098 2393 2255 2489 condngat

417 2522 530 2587 dictum
567 2541 702 2589 annuum
742 2527 892 2591 redditum
932 2528 1037 2610 viginti
1074 2535 1104 2591 et
1141 2531 1274 2608 quinque
1312 2543 1484 2592 marcarum
1521 2528 1736 2611 sterlingorum
1772 2543 1790 2591 a
1823 2535 1906 2590 retro
1945 2541 2011 2591 esse
2050 2525 2089 2590 ad
2122 2525 2253 2605 aliquem

415 2643 577 2706 terminum
605 2642 771 2708 solucionis
800 2642 987 2725 supradicte,
1020 2647 1052 2710 in
1079 2655 1166 2728 parte
1193 2655 1246 2710 aut
1266 2649 1296 2710 in
1319 2653 1381 2711 toto
1402 2663 1462 2710 non
1484 2647 1633 2724 solutum,
1667 2648 1727 2710 vita
1750 2647 1810 2709 mei
1830 2643 1902 2710 dicti
1924 2642 2048 2708 liuberti
2070 2641 2254 2708 Cumbcrton

415 2758 557 2838 durante,
598 2769 668 2826 tuuc
705 2762 781 2826 bene
817 2763 907 2827 liceat
945 2763 1036 2828 michi
1075 2763 1172 2828 eidem
1204 2765 1335 2830 lieberto
1368 2763 1551 2830 Camborico
1591 2741 1621 2828 et
1659 2766 1822 2847 assignatis
1861 2766 1938 2828 meis
1974 2771 2027 2827 aut
2064 2777 2132 2826 meo
2170 2768 2253 2824 certo

415 2885 582 2956 attornato,
616 2883 646 2944 in
673 2881 817 2962 predictis
850 2883 938 2946 terris
971 2891 1000 2946 et
1034 2885 1209 2949 tenementis
1233 2900 1303 2949 curn
1318 2881 1471 2960 ¹omnibns
1504 2885 1568 2946 suis
1596 2883 1804 2965 pertinenciis,
1838 2891 1869 2946 et
1896 2884 1928 2945 in
1955 2879 2091 2960 qnalibet
2118 2879 2254 2959 parcella

413 2996 484 3061 iude
513 2999 628 3061 intrare
649 3006 679 3062 et
700 2998 896 3083 distringere,
926 3001 1194 3081 districcionesque
1215 3003 1260 3066 sic
1282 3008 1385 3082 captas
1413 3000 1494 3064 licite
1519 3008 1693 3081 asportare,
1727 2999 1877 3064 abducere
1905 3008 1934 3063 et
1961 3002 2109 3076 retinere,
2141 3012 2253 3076 quous·

415 3131 474 3194 que
501 3114 539 3179 de
566 3116 646 3181 dicto
669 3135 771 3182 annuo
799 3116 917 3182 redditu
947 3127 975 3180 et
997 3121 1162 3202 arreragiis
1189 3119 1323 3184 eiusdem
1353 3121 1379 3182 si
1407 3135 1466 3198 qne
1494 3117 1621 3196 luerint,
1656 3135 1715 3182 uua
1743 3135 1812 3181 curn
1841 3120 1926 3184 misia
1954 3127 1983 3182 et
2009 3119 2150 3198 expensis
2177 3117 2254 3180 meis

414 3251 449 3297 ea
472 3235 631 3298 occasione
659 3235 770 3300 babilis
798 3245 829 3300 et
854 3237 941 3302 lactis
968 3235 1060 3302 michi
1081 3237 1218 3316 plenarie
1239 3235 1329 3300 inerit
1351 3235 1538 3302 satisfactum
1561 3246 1591 3300 et
1612 3236 1809 3318 persolutum.
1853 3234 1939 3300 Etsi
1962 3237 2118 3318 contingat
2139 3235 2253 3298 dictum

414 3357 546 3416 annuum
577 3352 727 3418 redditum
762 3372 780 3418 a
808 3363 890 3419 retro
919 3373 986 3421 esse
1018 3369 1192 3437 perunum
1222 3371 1349 3434 annium,
1388 3357 1420 3418 iu
1448 3361 1535 3436 parte
1567 3355 1614 3418 cel
1651 3357 1683 3418 in
1710 3362 1789 3433 toto,
1830 3362 1899 3435 post
1927 3352 2058 3434 aliquem
2091 3354 2252 3417 terminum

415 3471 581 3536 solucionis
603 3473 826 3554 supradictum,
850 3490 911 3553 quo
932 3473 1010 3538 sciri
1031 3474 1169 3551 deberet,
1193 3473 1274 3553 quod
1297 3481 1407 3537 extunc
1429 3474 1504 3537 benc
1526 3473 1628 3537 licebit
1648 3471 1740 3538 micbi
1761 3472 1881 3553 pretato
1901 3471 2034 3536 lieberto
2057 3469 2252 3547 Cumberton,

277 3609 297 3642 ο
414 3591 445 3651 iu
473 3593 575 3653 omnia
602 3591 792 3671 supradicta,
826 3601 923 3657 terras
944 3600 973 3657 et
995 3599 1162 3658 tenementa
1189 3608 1258 3656 curn
1279 3592 1420 3656 omnibus
1447 3593 1511 3658 suis
1537 3592 1731 3671 pertinenciis
1752 3593 1900 3656 reintrare
1922 3599 1951 3655 et
1972 3588 2134 3666 rehabere,
2168 3591 2253 3652 utin

414 3723 482 3771 meo
509 3710 638 3789 pristino
666 3719 762 3789 statu,
794 3715 928 3793 presenti
955 3720 1055 3790 carta,
1093 3728 1148 3775 uec
1174 3713 1285 3776 saisina
1313 3710 1384 3776 inde
1412 3711 1515 3775 habita
1542 3728 1604 3776 nou
1633 3710 1780 3775 obstante.
1830 3709 1867 3773 Et
1894 3725 1952 3792 ego
1980 3709 2078 3774 dictus
2097 3709 2253 3799 ¹liebertus

415 3825 599 3892 Cumbertou
627 3837 657 3892 et
682 3826 808 3894 heredes
836 3831 911 3908 mci,
944 3831 1046 3895 omnia
1073 3829 1225 3910 predicta,
1258 3838 1355 3894 terras
1382 3839 1411 3894 et
1433 3837 1600 3894 tenementa
1628 3843 1697 3894 cum
1724 3829 1864 3894 omnibus
1885 3829 1949 3893 suis
1969 3828 2163 3910 pertinenciis
2183 3843 2253 3912 pre3

415 3945 478 4010 lato
501 3945 633 4010 lieberto
655 3946 717 4010 Fitz
738 3946 853 4010 liobert
879 3948 989 4012 iuniori
1018 3954 1047 4010 et
1072 3946 1234 4012 heredibus
1263 3951 1325 4012 suis
1353 3948 1391 4011 de
1413 3964 1543 4030 corpore
1564 3949 1643 4012 dicte
1665 3947 1836 4030 Margarete
1863 3948 1924 4027 (ut
1950 3947 2157 4028 supradictum
2186 3945 2253 4023 est]

413 4065 547 4147 legitime
578 4066 746 4145 procreatis
779 4073 808 4128 et
848 4067 897 4144 (si
930 4065 1084 4149 contingat
1116 4064 1244 4130 eundem
1277 4065 1442 4130 liobertum
1474 4067 1536 4130 Fitz
1569 4065 1682 4131 liobert
1714 4066 1861 4128 iuniorem
1900 4068 1966 4128 sinc
2002 4063 2164 4128 heredibus
2198 4080 2255 4144 per

413 4185 513 4263 ipsum
556 4183 595 4247 de
637 4198 765 4264 corpore
809 4181 886 4247 dicte
926 4183 1096 4266 Margarete
1138 4183 1271 4268 legitime
1312 4187 1479 4265 procreatis
1522 4184 1624 4262 obire,
1675 4183 1807 4262 extunc)
1849 4181 1970 4264 pretato
2012 4182 2145 4246 lieberto
2189 4181 2251 4246 riu

412 4302 527 4366 liobert
553 4302 667 4366 seniori
693 4299 855 4365 heredibus
882 4275 912 4364 et
939 4303 1101 4385 assignatis
1129 4307 1211 4380 suis,
1241 4309 1346 4366 eontra
1375 4319 1480 4367 omum
1507 4311 1613 4386 gentas
1640 4301 1910 4366 warantizabimus
1937 4303 2171 4381 imperpetuum.
2221 4299 2253 4362 lu

413 4421 499 4484 cuius
526 4421 570 4483 rei
599 4421 818 4497 testimouium,
855 4427 916 4483 tam
945 4419 1100 4500 predictus
1124 4420 1274 4484 liebertus
1296 4421 1360 4485 Fitz
1382 4419 1496 4485 liobert
1524 4424 1625 4485 iunior
1651 4418 1787 4502 sigillum
1815 4434 1920 4497 suum,
1953 4433 2044 4498 qnam
2073 4433 2130 4500 ego
2151 4417 2254 4482 'dictus

412 4537 562 4602 liobertns
584 4535 768 4602 Cumbertcn
797 4536 931 4620 sigillum
961 4553 1078 4616 meum,
1112 4539 1171 4603 hiis
1199 4541 1290 4603 cartis
1316 4539 1478 4604 indentatis
1505 4539 1677 4602 alternatim
1705 4537 1921 4619 apposuimus;
1955 4533 2086 4599 Ricardo
2108 4534 2254 4600 Merlowe

414 4664 483 4719 tunc
515 4655 632 4736 miore
665 4654 816 4733 Lcndon,
855 4654 993 4720 lohanne
1026 4655 1119 4722 Lawe
1151 4665 1179 4720 et
1210 4656 1379 4721 Willielrno
1406 4653 1550 4721 Chichele
1584 4665 1655 4720 tunc
1688 4656 1914 4719 vicecomitibus
1947 4653 2081 4718 eiusdem
2114 4653 2252 4730 civitatis,

412 4773 560 4838 llicholao
583 4775 710 4840 Wotton
737 4783 806 4839 lunc
834 4773 917 4848 iltius
944 4775 1051 4840 warde
1072 4774 1281 4842 aldermanno.
1326 4774 1391 4838 iliis
1412 4775 1556 4855 testibus,
1589 4774 1728 4838 Walters
1750 4772 1914 4851 Gawtron,
1946 4771 2083 4836 iohanne
2104 4770 2252 4851 Brikelys,

411 4890 530 4954 Thoma
562 4891 692 4970 Borion,
725 4893 862 4956 iohanne
889 4892 1025 4972 Nicholl,
1058 4891 1158 4958 hiano
1191 4892 1277 4972 Hull,
1309 4889 1477 4957 Willielmo
1506 4891 1621 4969 lieren,
1655 4890 1784 4955 llartinc
1818 4890 1941 4969 helom,
1976 4899 2005 4954 et
2036 4888 2139 4954 multis
2172 4889 2253 4954 aliis.

411 5009 489 5072 Data
515 5008 656 5090 Lcndon,
689 5010 806 5076 decimo
834 5011 962 5092 septimo
989 5011 1038 5076 die
1066 5013 1178 5078 mensis
1205 5010 1327 5090 Marcii,
1361 5027 1440 5074 anuo
1469 5013 1556 5093 regni
1582 5011 1663 5094 regis
1684 5007 1805 5074 henrici
1827 5011 1928 5089 quarti
1955 5016 2025 5090 post
2053 5013 2250 5088 conquestum

413 5127 585 5194 undecimo.
