4998 6256
1036 589 1145 686 lton,
1170 591 1233 664 loli
1260 586 1318 661 12.
1655 621 1658 628 ⁴
2039 594 2095 678 33

258 877 411 943 lohannes
421 875 564 958 Norbnry
585 891 641 956 per
661 876 807 956 seriptum
828 889 917 939 sunm
938 873 1042 940 datum
1060 873 1196 954 bordon,
1219 875 1324 956 quinto
1345 874 1395 938 dic
1412 873 1642 953 Decembris,¹)
1664 889 1745 940 uano
1768 879 1854 961 regni
1876 878 1959 960 regis
1975 876 2095 944 ilenrici

260 998 359 1076 quanti
381 995 513 1074 decimo,
541 997 622 1059 inter
642 993 703 1057 alia
726 994 876 1058 remiserit
898 1001 929 1056 et
948 971 1132 1058 relaxaue'rit
1152 993 1243 1058 michi
1265 991 1382 1073 pretato
1404 991 1520 1056 lhome
1541 991 1764 1077 chamberleyu
1786 1003 1817 1060 et
1837 996 2000 1062 heredibus
2021 1000 2097 1064 meis

261 1119 481 1194 imperpetuum
506 1121 601 1177 totum
623 1114 671 1177 ius
693 1120 723 1176 et
744 1112 909 1192 clamenm‚
933 1113 1014 1191 quod
1035 1112 1140 1176 babuit
1162 1112 1295 1176 indicto
1317 1119 1488 1176 tenemento
1509 1128 1577 1175 curn
1600 1113 1697 1194 lrayo,
1721 1129 1788 1177 cnm
1811 1118 1875 1178 suis
1896 1120 2095 1195 pertinentiis,

259 1250 316 1313 per
337 1249 447 1297 nornen
479 1235 616 1296 omnium
645 1231 767 1295 illarum
794 1239 944 1296 tenerum
975 1239 1004 1296 et
1030 1238 1284 1308 tenementornm,
1317 1229 1489 1294 reddituum
1516 1239 1547 1294 et
1574 1233 1773 1295 seruiciorum
1801 1247 1870 1296 curn
1896 1237 2095 1313 pertinentiis,

259 1365 318 1430 que
340 1351 495 1430 quondam
515 1349 637 1414 luerunt
655 1348 803 1414 lobannis
825 1347 945 1433 Sieigb,
977 1351 1138 1432 armigeri,
1161 1353 1192 1412 iu
1214 1351 1336 1413 ciuitate
1357 1347 1498 1425 London,
1529 1357 1621 1427 prout
1648 1353 1679 1412 iu
1702 1349 1807 1414 eodem
1837 1355 1953 1431 scripto
1974 1352 2094 1432 plenius

260 1473 448 1546 continetur;
482 1476 511 1532 el
537 1476 643 1548 postca
673 1467 803 1547 predicti
830 1467 995 1550 Dionysius
1025 1467 1178 1549 Lopbam,
1211 1465 1359 1532 Hernicus
1380 1465 1498 1530 llenore
1523 1474 1554 1529 et
1579 1465 1724 1531 ilenricus
1754 1467 1863 1534 Snrner
1891 1470 2096 1535 relaxaneriut

259 1605 316 1667 per
336 1603 441 1652 eorum
464 1590 611 1666 scriptum
633 1583 736 1649 datum
757 1585 900 1664 London,
930 1589 1032 1666 primo
1061 1585 1110 1651 die
1132 1585 1316 1664 Fiebrnarii,
1349 1601 1430 1649 anno
1457 1581 1693 1668 regnifpredicti
1716 1591 1797 1669 mgis
1818 1587 1939 1652 ilenrici
1965 1587 2095 1666 decimo,

260 1706 353 1770 unichi
374 1705 494 1787 prelato
514 1704 632 1768 Thome
653 1701 875 1786 Chambsrleyn
897 1714 926 1769 et
949 1705 1112 1770 heredibus
1134 1707 1209 1768 meis
1232 1708 1455 1785 imperpetuum
1477 1711 1573 1768 totum
1595 1705 1643 1768 ius
1665 1713 1695 1768 et
1715 1704 1876 1784 olameum,
1898 1723 1958 1786 que
1980 1706 2095 1772 habue-

261 1833 331 1888 runt
352 1825 384 1887 in
404 1823 486 1888 dicto
502 1831 685 1887 tenemento.
698 1838 766 1886 cnm
788 1825 870 1905 lreyo
892 1840 961 1888 cum
988 1824 1051 1888 suis
1078 1825 1268 1904 pertinentiis
1296 1825 1327 1885 in
1356 1823 1437 1886 dicta
1462 1824 1584 1888 ciuitate
1604 1821 1746 1888 London:
1776 1823 1928 1888 Noueritis
1956 1841 2006 1889 me
2026 1841 2096 1904 pre·

261 1941 373 2006 diuum
394 1939 541 2005 l’ltomam
564 1937 805 2022 Chamberleyn,
839 1941 998 2020 clericum,
1031 1939 1167 2018 dedisse,
1201 1942 1387 2004 concessisse
1414 1949 1444 2002 et
1465 1939 1522 2003 hnc
1548 1943 1681 2036 presenti
1703 1949 1788 2004 carta
1810 1957 1877 2005 mea
1900 1943 2095 2006 confirmasse

261 2060 365 2125 llarco
381 2061 410 2123 le
432 2059 548 2138 iterra,
570 2059 703 2124 llieardo
723 2059 819 2138 Bari,
832 2058 1196 2143 Witletmoliyggynges,
1219 2057 1341 2136 clerico,
1364 2065 1394 2121 et
1402 2055 1536 2122 iohanni
1556 2056 1768 2136 blarlretstede,
1791 2059 1912 2137 clerico,
1934 2059 2096 2124 heredibus

262 2159 418 2243 et'enrum
440 2179 601 2261 nsngnatis
623 2187 718 2242 totum
739 2177 909 2258 predictum
930 2185 1132 2243 tenementum
1154 2193 1223 2241 curn
1244 2177 1326 2258 lrayo
1348 2175 1505 2242 adiacente
1525 2177 1557 2238 in
1580 2179 1701 2242 ciuitate
1723 2176 1847 2242 london
1876 2187 1905 2241 et
1933 2195 2001 2242 curu
2032 2193 2097 2242 om-

262 2296 350 2361 nibus
372 2296 442 2360 aliis
464 2281 744 2376 commoditatibus,
778 2299 953 2362 asiamentis
975 2305 1005 2360 et
1025 2297 1213 2376 pertinentiis
1235 2294 1371 2376 predicto
1394 2303 1563 2359 tenemento
1590 2303 1621 2358 ct
1642 2296 1723 2375 layo
1745 2295 2006 2376 qualitercumque
2025 2313 2097 2379 per-

261 2415 436 2493 tinentibus,
461 2415 631 2479 habendum
653 2425 683 2481 et
705 2416 864 2481 tenendum
887 2415 1057 2495 predictum
1080 2420 1279 2478 tenementum
1302 2429 1372 2477 curn
1395 2414 1477 2494 haye
1498 2420 1527 2477 et
1549 2416 1657 2477 ceteris
1678 2418 1741 2478 suis
1763 2417 1962 2494 pertinentiis,
1985 2423 2096 2497 etpre-

259 2534 373 2598 dietum
396 2541 457 2610 est,
480 2533 624 2613 predictis
646 2534 759 2613 blarco,
780 2534 912 2599 Ricardo
933 2533 1029 2612 Banlr,
1051 2532 1211 2597 Willelmo
1232 2529 1418 2615 Byggynges
1439 2539 1470 2593 et
1490 2529 1621 2594 lnbauni
1643 2529 1860 2610 llarlretstcde,
1883 2533 2045 2597 heredibus
2067 2543 2097 2597 et

260 2652 425 2733 assignatis
446 2653 519 2730 suis,
542 2651 581 2715 de
602 2652 783 2731 capitalibus
804 2653 934 2716 dominis
955 2650 1037 2716 leodi
1058 2651 1141 2714 illins
1163 2665 1220 2728 per
1240 2650 1380 2727 seruicia,
1403 2665 1462 2728 que
1483 2648 1522 2712 ad
1544 2649 1713 2730 predictum
1730 2658 1929 2714 tenementum
1941 2660 1972 2714 st
1984 2651 2097 2732 lmpmn

261 2769 422 2847 pertinent,
443 2741 693 2849 imperpetuum?
720 2769 758 2832 lit
779 2786 836 2853 ego
858 2787 929 2835 nero
951 2768 1106 2850 predictus
1127 2767 1262 2832 Thomas
1284 2765 1524 2848 chamberlepn,
1553 2766 1680 2834 heredes
1708 2775 1738 2831 et
1766 2771 1912 2852 assignati
1938 2773 1998 2832 mei
2028 2785 2098 2848 pre·

261 2886 374 2951 dictum
397 2894 598 2951 tenementum
619 2895 650 2950 et
670 2888 784 2969 hoyum
806 2903 875 2952 cum
896 2887 1037 2952 omnibus
1059 2891 1123 2952 suis
1143 2888 1333 2968 pertinentiis
1354 2891 1386 2948 in
1407 2885 1507 2950 torma
1526 2885 1661 2966 predicta
1675 2887 1819 2964 predictis
1830 2886 1944 2965 Marco,
1966 2887 2097 2952 Ricardo

261 3003 359 3082 ΒηηΙο,
380 3003 537 3070 Willelmo
559 3004 743 3090 Byggynges
764 3013 796 3071 et
814 3005 946 3072 iohanni
967 3003 1184 3083 blanketstede,
1207 3005 1369 3068 heredibus
1389 3011 1420 3067 et
1442 3005 1606 3086 smlgnatis
1628 3004 1706 3082 suis,
1739 3011 1846 3069 conus
1868 3019 1972 3068 omnes
1994 3012 2097 3087 gentes

261 3124 532 3188 warantizabimus
554 3131 583 3186 et
605 3123 799 3190 defendemus
822 3128 853 3189 in
879 3131 1071 3207 perpetuum.
1122 3121 1154 3186 ln
1181 3123 1268 3186 cuius
1293 3123 1337 3186 rei
1363 3121 1567 3186 testimonium
1594 3121 1666 3186 huic
1692 3123 1826 3202 presenti
1851 3131 1935 3188 certe
1963 3139 2030 3188 mee
2058 3127 2099 3188 si·

262 3238 369 3320 gilium
392 3255 493 3304 meum
515 3244 655 3320 apposui,
677 3243 737 3307 hiis
759 3245 900 3307 testibus:
923 3242 1068 3324 hingone
1091 3241 1272 3321 barentyno‚
1296 3249 1367 3303 ωηο
1387 3243 1504 3304 maiore
1526 3240 1658 3304 ciuitatis
1681 3238 1829 3320 London,
1850 3239 2007 3304 Willelmo
2021 3241 2098 3304 llor-

262 3365 331 3434 ton,
358 3356 479 3422 Tboma
501 3358 604 3436 lintre,
633 3366 703 3422 lunc
725 3359 950 3424 vicecomitibus
976 3357 1129 3436 Londnn.‚
1162 3355 1315 3422 lticbardo
1337 3355 1479 3436 Wotton,
1513 3367 1584 3421 tunc
1613 3357 1810 3421 aldermanno
1831 3355 1912 3421 dicte
1933 3358 2039 3422 warde
2060 3357 2099 3422 de

263 3473 429 3556 houegnte,
452 3484 482 3540 et
503 3476 582 3542 aliis.
625 3476 736 3542 Delum
759 3477 895 3555 bordon,
918 3475 1144 3541 sextodecimo
1166 3473 1335 3552 diedunit,
1357 3490 1439 3539 anno
1461 3473 1912 3556 regnireglsllenriciquarti
1934 3485 2098 3556 postcon-

262 3600 400 3672 questum
423 3594 552 3658 dcetrno.

415 3707 459 3776 Ιη
482 3709 605 3780 dorso:
625 3712 685 3777 lsta
707 3721 791 3778 carta
814 3713 891 3778 lecta
916 3723 947 3778 et
972 3711 1131 3776 irrotulata
1158 3715 1189 3775 in
1211 3710 1360 3792 bustengo
1381 3707 1518 3773 Londnn.
1548 3710 1587 3775 de
1612 3711 1825 3776 communibus
1850 3711 1988 3792 placitis,
2017 3720 2098 3778 tento

262 3829 312 3896 die
333 3828 416 3894 Lune
437 3833 577 3910 proxima
599 3840 669 3911 post
690 3829 800 3896 testum
822 3833 1035 3913 concepcionis
1057 3831 1144 3894 beate
1164 3828 1259 3894 llario
1281 3829 1423 3911 virginis,
1453 3845 1534 3892 anno
1555 3833 1642 3912 regni
1664 3829 1746 3912 regis
1768 3829 1886 3894 henrici
1908 3833 2007 3910 quarti
2029 3841 2099 3913 post

262 3955 459 4028 conquestum
482 3949 648 4014 undecimo.
827 4027 835 4052 Ι
922 3979 925 3986 ’
1756 3947 1945 4012 Marebaunt.
2064 3987 2071 4011 r

262 4201 316 4284 11.
366 4205 532 4310 milano
563 4208 740 4288 nbaeiterc
768 4209 928 4289 Morcus
965 4209 1002 4289 le
1033 4207 1172 4312 Ffepre
1208 4233 1261 4288 ure
1289 4204 1466 4288 Riobnrd
1494 4205 1626 4308 Book,
1675 4207 1851 4289 thbelm
1879 4207 2099 4314 Byqpe'npes

699 4359 963 4440 morosane
993 4360 1270 4442 Morietstede.
1332 4358 1455 4464 1409,
1485 4360 1569 4439 latr
1598 4361 1660 4440 12.

415 4538 566 4605 Omnibus
588 4539 627 4603 ad
649 4555 726 4619 quos
752 4547 907 4620 presentes
929 4541 1030 4605 littere
1050 4543 1244 4621 peruenerint
1265 4541 1385 4606 llareus
1407 4541 1435 4605 le
1457 4540 1565 4622 Fteyre
1585 4540 1714 4604 salutern
1736 4544 1768 4603 in
1791 4540 1920 4604 homino
1941 4539 2099 4619 sempiter-

264 4673 346 4722 nam.
390 4655 544 4722 Noueritis
566 4673 614 4720 me
637 4659 806 4735 remisisse,
836 4658 992 4723 relaxasse
1020 4668 1050 4723 et
1071 4662 1195 4724 omnino
1218 4659 1255 4722 de
1277 4675 1325 4722 me
1346 4669 1377 4723 et
1397 4657 1559 4724 heredibus
1586 4655 1598 4739 ll
1625 4661 1700 4722 meis
1713 4659 1943 4738 ,imperpetuum
1965 4661 2100 4737 quietum

264 4775 414 4843 cremasse
436 4775 566 4843 {licendo
579 4774 676 4853 Banl,
696 4773 854 4841 Willelmo
876 4776 1070 4861 nyggycges,
1092 4777 1215 4854 elerico,
1238 4785 1268 4841 et
1287 4777 1419 4841 iohanni
1434 4775 1647 4854 blarlebtede,
1670 4775 1793 4854 clerico,
1815 4774 1978 4841 heredibus
1999 4785 2030 4842 et
2050 4795 2099 4842 as-

265 4895 392 4976 signatis
414 4897 478 4959 suis
501 4901 596 4959 totum
618 4895 665 4959 ius
687 4902 717 4958 et
742 4892 754 4978 l
781 4893 944 4972 clameum,
978 4911 1036 4977 que
1062 4895 1175 4972 haben,
1210 4894 1303 4958 habui
1330 4913 1384 4960 seu
1410 4892 1613 4974 quonismodo
1639 4893 1752 4957 babere
1772 4902 1880 4973 potero
1906 4897 1938 4958 in
1961 4904 2023 4960 toto
2045 4896 2100 4962 illo

266 5019 434 5075 tenemento
463 5028 531 5074 cnm
560 5013 640 5094 trayo
663 5013 817 5079 adiacente
845 5030 914 5078 cum
937 5013 1077 5078 omnibns
1099 5015 1162 5078 sois
1192 5013 1414 5094 pertinenciis,¹
1435 5014 1516 5092 quod
1538 5012 1699 5094 ,quondam
1726 5011 1737 5096 ll
1764 5010 1822 5078 brit
1841 5013 1947 5080 iacobi
1969 5013 2100 5088 Pslrner,

423 5259 448 5324 ¹)
477 5259 550 5328 illis,
568 5264 714 5319 December
732 5265 758 5319 5.

335 5394 499 5460 Abtbeilung
514 5397 548 5448 ll.
