4866 6264
427 583 512 668 192
948 581 1057 678 1622,
1080 584 1201 656 Junnnr
1224 577 1259 653 8.
1292 617 1343 634 -
1377 577 1628 677 tuendorun
1654 579 1712 654 lli.
1807 566 1814 584 ⁶

427 867 599 934 Marmarata
620 867 680 934 and
696 885 786 950 every
807 867 844 932 ol
857 867 940 932 tbem
961 869 1126 951 peaoeably
1142 869 1211 933 ond·
1223 866 1337 948 quietly
1354 875 1385 932 to
1406 864 1596 948 enioyeand
1614 880 1787 946 repossesse
1808 863 1859 930 tbe
1873 879 1957 932 same
1976 867 2009 930 in
2024 865 2100 932 sucb
2119 882 2247 932 manner

428 986 487 1054 and
504 987 612 1066 lorme,
634 1003 668 1052 as
685 985 831 1068 formerly
848 987 920 1068 tbey
935 987 1014 1052 baue
1031 987 1264 1065 dooe,·witboot
1279 986 1427 1068 suriest,
1441 983 1676 1050 binderaueezor
1691 985 1894 1066 inorrupoion
1911 983 1948 1049 ol
1965 1003 2025 1068 sup
2043 983 2181 1050 otberot
2198 985 2248 1050 tlte

428 1105 635 1186 parisbiouers
655 1105 705 1170 for
726 1105 776 1172 tbe
796 1114 877 1189 lyme
898 1107 999 1188 being.
1042 1105 1075 1170 ln
1099 1109 1207 1170 witnes
1227 1103 1368 1170 whereol
1384 1113 1416 1169 to
1437 1105 1488 1169 tlte
1501 1122 1567 1169 une
1587 1113 1657 1187 part
1676 1102 1713 1168 ol
1731 1104 1809 1168 tbeis
1829 1114 1952 1184 present
1975 1103 2158 1168 lndentnros.
2171 1103 2247 1169 mtto

431 1225 481 1290 tlte
502 1224 567 1289 said
590 1221 854 1290 Cburobwardens
880 1225 1074 1308 remaynlng,
1088 1223 1154 1288 tbe
1179 1225 1245 1289 said
1266 1223 1372 1288 lilders
1393 1223 1453 1287 and
1473 1223 1587 1288 luralts
1616 1223 1693 1288 mur
1718 1237 1859 1288 common
1881 1223 1962 1288 seale
1988 1223 2064 1288 bave
2086 1221 2194 1287 caused
2215 1231 2248 1286 to

431 1345 470 1410 be
490 1351 555 1424 pot.
588 1343 655 1408 lud
677 1351 708 1408 to
730 1343 780 1408 tlte
801 1343 888 1408 otber
909 1351 979 1422 part
999 1343 1036 1407 ol
1055 1342 1132 1408 tbeis
1153 1351 1274 1424 present
1294 1341 1467 1408 inuenturos
1483 1319 1558 1406 witlt
1579 1341 1630 1406 tbe
1646 1340 1712 1407 said
1728 1341 1910 1408 lildorsaud
1925 1342 2039 1406 lurstts
2060 1344 2248 1426 remayning,

432 1461 483 1528 tbo
497 1461 564 1528 said
579 1460 842 1528 Cburcbwardens
861 1461 936 1526 bare
952 1470 1009 1526 sett
1026 1462 1104 1526 their
1120 1460 1218 1526 hands
1236 1461 1297 1525 aud
1312 1461 1420 1526 scales.
1455 1460 1574 1526 Yeorou
1593 1460 1643 1526 tbe
1660 1459 1721 1543 day
1738 1461 1798 1526 and
1813 1477 1905 1546 ysare
1921 1461 1987 1526 llrst
2003 1461 2100 1526 aboue
2116 1461 2250 1526 written

1168 1577 1302 1646 Samuell
1324 1576 1468 1644 Strutton.
1501 1577 1553 1661 (L.
1575 1576 1627 1658 S.)
1679 1579 1781 1664 Roger
1800 1575 1941 1645 Snslson.
1974 1577 2026 1660 (t.
2047 1577 2099 1658 S.)

585 1695 629 1764 la
650 1697 772 1766 dorso:
808 1695 917 1766 Seeled
938 1698 997 1764 aod
1020 1697 1169 1764 delivered
1191 1701 1222 1761 in
1244 1697 1294 1762 tbe
1314 1714 1459 1780 presence
1480 1697 1515 1762 oi
1531 1698 1644 1763 llobert
1664 1696 1831 1763 Brabouru.
1874 1697 1942 1763 llud
1962 1697 2041 1762 lobn
2064 1695 2172 1764 Gillias
2193 1713 2251 1762 scr.

539 1950 753 2040 CLXXI.
802 1958 927 2065 Kdrsip
955 1957 1081 2039 Jocod
1108 1958 1139 2039 I.
1176 1958 1391 2039 perpendet
1424 1957 1509 2038 siclt
1545 1956 1606 2038 dei
1634 1956 1954 2039 semitarisia
1982 1955 2136 2038 melecta

783 2111 851 2216 [αν
881 2113 956 2192 ders
984 2110 1241 2216 Pfolspruseu
1264 2111 1474 2192 Friedrich.
1533 2107 1654 2213 1622,
1682 2111 1836 2191 duamur
1860 2108 1900 2190 ἃ

583 2293 725 2371 lacobus,
746 2293 802 2358 liei
822 2295 921 2378 gratia
941 2310 1071 2377 magnae
1088 2293 1270 2372 Britanniae,
1291 2293 1437 2357 Franciae
1454 2299 1483 2356 et
1500 2289 1661 2356 Hiberniae
1676 2289 1751 2372 ilex,
1772 2290 1855 2357 uiuet
1872 2291 2019 2357 Defensor
2038 2300 2096 2358 stc.
2140 2291 2256 2374 Magni·

435 2412 500 2476 licis
522 2420 611 2494 atque
632 2413 828 2494 amplissimis
846 2413 939 2491 Viris,
962 2410 1144 2478 Consulibus
1166 2420 1195 2476 et
1216 2411 1411 2480 senatoribus
1433 2411 1600 2490 Imperialis
1620 2418 1651 2475 et
1671 2409 1796 2476 Liberae
1815 2411 1956 2476 Ciuitatis
1976 2410 2122 2490 lubecae,
2143 2409 2256 2478 Amids

434 2533 544 2598 uostris
566 2530 769 2608 cbarissimis,
797 2530 932 2598 Salutem
954 2539 983 2596 et
1004 2530 1197 2596 Felicitatem.
1240 2531 1392 2614 llagnillci
1412 2539 1501 2610 atoue
1523 2530 1702 2611 amplissimi
1722 2529 1804 2596 Viri:
1837 2530 1934 2595 Amici
1955 2533 2049 2596 nostri
2070 2529 2255 2596 charissimi!

435 2650 495 2714 Pro
516 2659 620 2714 nostra
641 2653 790 2714 constanti
812 2666 885 2734 erga
906 2647 1068 2714 Caesarem
1089 2650 1296 2715 beneuolentia
1318 2660 1348 2716 et
1368 2657 1514 2730 perpetus
1535 2650 1731 2731 synceritate,
1757 2667 1835 2730 quae
1855 2650 1905 2714 uel
1926 2652 2056 2715 maxime
2077 2650 2187 2729 eluxit,
2219 2665 2256 2714 ex

437 2784 497 2849 uuo
520 2765 620 2834 Gener
647 2777 750 2834 noster
770 2769 860 2834 rebus
881 2735 1049 2834 bohemicis
1075 2770 1236 2834 immisceri
1257 2787 1290 2834 se
1310 2785 1420 2853 passus
1442 2778 1503 2848 est,
1536 2783 1596 2834 non
1616 2770 1768 2834 immerito
1790 2777 1964 2850 expectasse
1986 2785 2042 2834 nos
2064 2770 2257 2847 arbitramur,

436 2896 468 2952 ut
488 2887 621 2954 eiusdem
643 2885 753 2953 Generi
773 2890 868 2953 nostri
890 2891 1123 2970 patrimonium,
1154 2905 1214 2968 quo
1242 2896 1271 2954 st
1296 2889 1493 2954 charissimae
1514 2887 1605 2952 Filiae
1625 2896 1747 2952 nostrae
1767 2889 1828 2954 illis
1858 2893 1889 2954 in
1909 2890 2048 2968 partibus
2068 2886 2209 2954 somnae
2229 2895 2259 2954 el

438 3007 687 3072 suauissimorum
707 3006 857 3088 Nepotum
886 3007 1047 3091 dignitates
1073 3006 1272 3072 hereditariae
1302 3008 1508 3085 eontinentur,
1542 3005 1649 3071 saltem
1676 3014 1780 3072 nostra
1808 3023 1901 3072 causa
1928 3007 1967 3072 ab
1994 3009 2077 3072 omni
2099 3023 2259 3072 ¹armornm

437 3126 572 3205 periculo
594 3135 690 3192 tntum
712 3135 801 3193 esset.
834 3124 893 3193 Sed
915 3127 1152 3208 expectationem
1173 3133 1298 3190 euentus
1319 3124 1436 3190 ielellit.
1469 3122 1546 3206 Spes
1568 3123 1690 3202 quidem
1710 3124 1771 3188 alia
1792 3124 1879 3190 uobis
1900 3125 1981 3190 lacta
2001 3134 2046 3192 est
2068 3135 2097 3192 et
2118 3125 2260 3192 induciae

438 3243 614 3324 aliquandiu
642 3245 894 3311 intercedentibus
923 3246 1011 3310 nobis
1039 3259 1215 3323 concessae,
1249 3261 1327 3310 nnnc
1353 3252 1452 3310 sotem
1482 3250 1511 3308 et
1537 3241 1721 3310 Palatinetus
1749 3247 1848 3310 omnis
1876 3247 2016 3325 superior
2048 3253 2078 3310 et
2107 3244 2260 3312 interioris

437 3379 510 3444 pars
536 3365 634 3428 maior
658 3364 818 3430 hostilibus
845 3366 939 3428 armis
964 3370 1160 3444 occupantur.
1204 3361 1340 3460 Poteriut
1359 3363 1536 3448 Magnillcse
1557 3361 1781 3427 llomlnatiooes
1803 3359 1946 3442 Vestrae,
1976 3365 2043 3428 siue
2073 3363 2260 3449 Religionem

438 3489 589 3562 spectent,
611 3483 676 3548 siue
697 3483 854 3562 politicum
876 3481 1055 3548 Germaniae
1077 3491 1204 3562 statum,
1227 3499 1284 3563 pro
1306 3483 1466 3563 prudentia
1487 3499 1543 3546 sua
1564 3479 1653 3546 laude
1674 3477 1923 3561 animaduertere,
1945 3485 2056 3564 quibus
2076 3484 2165 3550 malis
2185 3483 2261 3548 haee

440 3615 541 3664 remum
563 3600 688 3664 mutatio
710 3601 825 3666 eduum
846 3599 1022 3680 patefaciat,
1040 3603 1112 3666 uisi
1142 3605 1295 3668 communi
1321 3601 1458 3683 periculo
1479 3603 1632 3666 communi
1653 3616 1746 3682 opera
1774 3609 1864 3681 atque
1892 3618 1950 3681 ope
1979 3606 2009 3666 in
2031 3617 2122 3668 causa
2143 3603 2260 3684 aeqms·

441 3720 518 3784 sina
540 3726 657 3783 mature
678 3727 864 3784 occurratur.
908 3719 955 3786 Ad
977 3732 1033 3784 nos
1055 3719 1135 3800 quod
1158 3722 1276 3799 attinet,
1305 3737 1359 3784 neo
1380 3719 1517 3802 Dignitas
1538 3727 1641 3786 nostra
1663 3736 1718 3784 nec
1739 3722 1806 3801 ipsa
1828 3719 1943 3784 Natura
1963 3721 2097 3800 patitur,
2123 3729 2155 3788 rt
2175 3725 2261 3786 inno·

442 3838 683 3902 acutissimorum
709 3836 860 3918 Nepotum
888 3839 1088 3920 patrocinium
1116 3839 1300 3904 deseramus.
1349 3837 1430 3906 llaec
1457 3839 1625 3922 Magnitcis
1654 3837 1913 3904 nominationibus
1934 3837 2055 3904 'Vestris
2083 3843 2179 3906 risum
2216 3848 2262 3904 est

443 3969 603 4036 exponere,
624 3971 681 4035 pro
702 3965 806 4021 nostro
828 3957 860 4020 in
880 3956 1105 4038 llampoblioam
1122 3965 1251 4022 vestram
1274 3957 1381 4022 abacto
1398 3957 1556 4036 benenolo,
1577 3973 1666 4037 quern
1685 3966 1718 4022 ut
1734 3956 1833 4022 uerbis
1850 3956 2037 4038 protitomor,
2060 3959 2102 4024 ita
2118 3967 2148 4023 et
2164 3957 2260 4036 lacus,

443 4072 514 4139 data
534 4072 702 4150 occasiom,
724 4073 873 4140 cumulate
893 4076 1081 4142 testabimur.
1124 4075 1233 4144 batum
1255 4093 1271 4139 e
1292 4074 1408 4143 Palatio
1430 4084 1533 4142 nostro
1554 4074 1710 4154 Albaniae,
1739 4073 1821 4141 Vbii
1844 4075 1894 4140 die
1914 4076 2050 4143 bunarii
2072 4073 2166 4144 tuat.

1778 4193 2062 4262 lacobusPrimus.

476 4441 696 4534 cnxxtc
743 4451 944 4535 Gebeiroer
972 4451 1100 4535 Raiba
1128 4454 1346 4538 Beselsluos
1374 4481 1442 4536 ate
1472 4453 1779 4561 Sicberslelloup
1808 4455 1879 4535 'der
1912 4453 2025 4536 Gildo
2053 4457 2135 4537 uod
2163 4457 2235 4537 des

871 4605 1098 4712 Sleblbofes
1126 4607 1197 4690 der
1225 4607 1396 4690 Haesere.
1457 4605 1579 4711 1636,
1609 4609 1760 4688 Jmuuur
1782 4605 1845 4688 19.
1906 4707 1909 4715 4

1374 4789 1415 4856 tr
1435 4787 1693 4874 whyteuuttbe
1714 4785 1789 4852 lum
1809 4787 1844 4852 ol
1861 4788 1997 4873 lanuary
2019 4785 2113 4855 tots.

597 4904 734 4972 Preseot:
777 4905 857 4972 bord
885 4907 1077 4989 brebbisbop
1107 4904 1373 4991 ulciscerentur,
1405 4907 1478 4974 Earl
1504 4907 1707 4985 ilanobester,
1738 4905 1811 4974 Esrl
1837 4906 1997 4988 maruan,
2029 4907 2270 4992 Lordlleepcr,

448 5023 505 5088 lllr.
527 5019 693 5088 Secretane
714 5022 808 5104 Colle,
830 5025 889 5091 ltr.
911 5023 1078 5092 Socratem
1100 5023 1193 5106 Collo,
1216 5026 1273 5094 llr·
1296 5023 1463 5092 &cretatis
1484 5025 1719 5092 windebanete.

598 5139 746 5208 Wbmeas
773 5161 791 5206 a
818 5145 949 5224 peticion
975 5142 1129 5225 preferred
1156 5154 1187 5211 to
1216 5144 1264 5210 bis
1286 5145 1411 5228 llaiesty
1439 5145 1480 5228 by
1508 5143 1558 5210 tbe
1578 5145 1677 5228 agent
1697 5143 1733 5210 ol
1756 5143 1808 5210 tlte
1827 5141 1925 5210 llsnse
1947 5151 2063 5212 matoes
2084 5148 2275 5231 omoeroiog

451 5260 500 5324 tue
521 5255 665 5328 sultare
691 5277 759 5326 was
784 5261 824 5344 by
854 5260 901 5328 b'ts
922 5261 1048 5345 blaiesty
1068 5263 1203 5331 retonat
1232 5271 1264 5328 to
1291 5262 1339 5329 tlte
1360 5262 1441 5330 bord
1460 5262 1652 5348 brcbbirbop
1672 5263 1710 5332 oi
1727 5257 1933 5352 Csnmrbnry,
1968 5263 2018 5332 tlte
2038 5261 2120 5336 tort
2139 5264 2275 5348 lleeper,
