4914 6254
789 574 1489 672 mmmm-mmmm
2003 585 2054 664 Μ

227 871 448 950 imperpetuum
482 881 538 946 per
565 869 730 945 presentes.
780 861 811 926 ln
840 863 925 926 cuins
952 862 996 926 rei
1025 863 1225 926 testimonium
1253 861 1443 942 presentibus
1470 861 1605 945 sigillum
1632 879 1730 926 mcum
1759 866 1900 945 apposui.
1950 865 2058 930 ilatum

223 986 358 1064 Lundou,
380 991 465 1050 serto
487 983 536 1048 die
557 985 670 1046 mensis
692 981 801 1058 Martii,
822 995 904 1043 anuo
926 981 1013 1062 regni
1034 979 1125 1064 llegis
1148 979 1268 1043 ilenrici
1289 981 1385 1058 quinti
1407 987 1476 1059 post
1498 988 1693 1060 conquestum
1717 987 1837 1047 octauo.

1780 1100 1906 1166 Bussbe.

223 1361 387 1446 bxlx.
433 1362 564 1469 Roqcr
598 1361 772 1467 llnyford
802 1358 965 1462 bescelet
995 1359 1071 1440 cleo
1089 1359 1136 1439 tt.
1157 1359 1363 1441 Bolselood
1390 1385 1463 1440 coo
1487 1360 1592 1442 clleo
1618 1361 1873 1468 Ausprllcbeo
1903 1391 1955 1445 no
1987 1364 2062 1445 doc

427 1505 785 1596 comestoribus
814 1515 890 1594 deo
920 1512 1074 1616 Kuqn'u
1112 1512 1327 1618 thcdeqoo
1357 1497 1477 1594 berrue.
1537 1514 1652 1616 1t21,
1683 1516 1767 1608 Jctc
1790 1515 1861 1595 30.

380 1697 525 1760 Noueriot
547 1697 679 1759 uniuersi
702 1711 758 1775 per
774 1702 931 1773 presentes
947 1709 1004 1770 me,
1026 1693 1180 1777 lloqerum
1194 1693 1353 1775 Twpdord
1377 1696 1538 1772 remisisse,
1561 1695 1715 1759 relaxasse
1737 1704 1767 1759 et
1788 1699 1912 1761 omniuo
1933 1713 1991 1778 pro
2014 1711 2062 1761 me
2092 1778 2094 1782 Ι

229 1824 258 1880 ct
283 1817 445 1882 heredibus
471 1816 547 1878 meis
574 1817 796 1895 imperpetuum
824 1813 958 1892 quietum
986 1812 1135 1875 clamasse
1157 1810 1288 1875 Ricardo
1315 1812 1485 1889 Boieland,
1520 1814 1578 1876 cini
1618 1811 1628 1896 ll
1665 1820 1694 1876 et
1714 1817 1885 1894 pisceuario
1913 1815 2061 1896 bandum,

228 1944 324 2000 totum
346 1936 393 1998 ius
416 1949 514 1996 mcum
537 1942 568 1997 ct
588 1932 749 2009 clameum,
772 1931 856 2010 qnod
875 1931 983 2009 baben,
1007 1931 1099 1995 habui
1121 1946 1174 1994 sen
1195 1931 1397 2010 quouismodo
1419 1930 1457 1994 de
1478 1939 1578 1994 cetero
1601 1931 1714 1996 babere
1735 1941 1843 2013 potero
1864 1935 1896 1997 iu
1923 1943 1986 1998 toto
2009 1931 2062 1996 illo

228 2061 397 2117 tenemento
420 2069 455 2115 ac
478 2053 559 2132 ltapo
580 2051 748 2129 adtaccute,
772 2049 862 2112 simul
900 2049 912 2128 ll
946 2065 1016 2113 cum
1039 2049 1178 2112 omnibus
1202 2049 1271 2112 aliis
1293 2049 1574 2126 commoditatibus,
1608 2051 1794 2115 aisiamcnlis
1816 2061 1845 2115 et
1866 2053 2063 2133 pertiuentiis,

227 2171 373 2251 predictis
396 2177 563 2236 tenemento
586 2178 616 2233 ct
637 2171 719 2250 layo
741 2169 1000 2248 qualitercumque
1021 2169 1251 2248 pertinentibus,
1275 2167 1393 2231 situatis
1414 2169 1444 2230 iu
1467 2167 1593 2245 tenella,
1618 2178 1722 2232 rocnta
1744 2168 2020 2253 Wpudesgoslane,
2038 2171 2049 2251 ll

227 2293 258 2354 in
279 2290 425 2370 parocbia
442 2289 587 2353 Omnium
605 2285 784 2354 Sanctorum
807 2287 846 2350 ad
870 2284 972 2350 tenum
994 2284 1142 2362 london,
1166 2289 1195 2348 iu
1218 2302 1279 2365 qno
1302 2285 1422 2364 quidem
1445 2293 1615 2349 tenemento
1636 2287 1789 2367 predictus
1802 2288 1950 2353 Ricardus
1973 2287 2065 2352 modo

228 2408 387 2472 iubebitat.
433 2407 474 2470 lta
491 2423 572 2484 vero,
595 2407 676 2485 quod
700 2422 753 2468 nco
776 2421 844 2489 ego,
866 2403 1181 2488 predictnsllogerns,
1205 2421 1259 2468 nec
1277 2403 1404 2468 beredes
1427 2405 1485 2467 mei
1508 2405 1622 2484 aliquid
1645 2407 1720 2470 iuris
1742 2423 1794 2470 scu
1817 2407 1927 2470 clamei
1949 2407 1979 2468 iu
1995 2422 2065 2484 pre-

228 2528 317 2592 dictis
339 2533 509 2590 tenemento
532 2533 562 2587 et
583 2526 681 2605 layo,
709 2526 775 2587 siue
797 2524 827 2585 iu
850 2522 1128 2599 commoditatibus,
1162 2524 1347 2586 aisiamcutis
1369 2530 1398 2585 et
1420 2523 1609 2601 pertinentiis
1630 2523 1776 2603 predictis
1798 2527 1919 2607 exigere
1940 2541 1992 2588 seu
2015 2541 2065 2588 ca·

229 2646 401 2724 lampniare
422 2644 589 2724 poterimus
610 2645 640 2705 iu
663 2641 814 2717 naturum,
844 2649 890 2704 set
910 2643 949 2704 ab
972 2643 1055 2704 omni
1075 2639 1201 2704 οοοίοοο
1221 2623 1297 2704 iuris
1317 2643 1540 2721 inperpetuum
1570 2642 1664 2705 simus
1687 2641 1801 2706 crclrsi
1822 2659 1879 2723 per
1900 2651 2065 2722 presentes.

229 2763 266 2825 lit
287 2779 355 2846 ego,
378 2761 515 2843 prelatus
530 2761 679 2839 iioqerus,
702 2768 733 2823 et
748 2758 875 2824 beredcs
896 2759 955 2824 mei
976 2759 1146 2836 predictum
1169 2768 1369 2824 tenementum
1392 2766 1421 2822 et
1443 2759 1567 2848 layum,
1589 2761 1680 2824 simul
1702 2777 1772 2826 eum
1790 2761 2064 2836 commoditatibus,

231 2885 418 2946 aisiamentis
441 2887 470 2943 et
490 2881 680 2959 pertinentiis
702 2877 849 2956 predictis
871 2875 991 2957 prefato
1012 2876 1161 2954 ilicardo,
1194 2877 1357 2942 heredibus
1385 2885 1414 2940 ct
1436 2880 1598 2960 assignatis
1621 2883 1684 2942 suis
1707 2887 1812 2942 contra
1834 2895 1940 2943 omnes
1962 2887 2065 2960 gentes

231 3010 368 3065 tencmur
389 3002 608 3074 warantum,
643 3000 816 3077 acquietare
838 3003 867 3058 ct
888 2994 1049 3059 defendere
1070 2998 1304 3076 imperpetuum.
1348 2995 1380 3057 lu
1409 2999 1495 3059 cuius
1523 3000 1566 3058 rei
1589 3000 1792 3062 testimonium
1814 2998 2005 3076 presentibus
2027 2996 2068 3059 si·

210 3118 338 3200 ⁴qtltum
362 3131 462 3180 meum
485 3119 625 3196 apposui.
657 3113 723 3178 iliis
746 3113 889 3178 testibus:
912 3111 1069 3182 thlelmo
1082 3111 1286 3198 Cambrygge,
1310 3123 1381 3177 tunc
1404 3115 1519 3177 maiore
1541 3115 1672 3178 ciuitatis
1689 3114 1835 3193 london,
1857 3114 1995 3178 tobauuc
2010 3111 2067 3177 Bo-

233 3235 308 3298 telcr
329 3241 359 3296 et
378 3233 517 3296 lobanne
538 3232 671 3308 Welles,
693 3240 764 3294 tnnc
786 3233 1011 3296 vicecomitibus
1034 3232 1167 3296 eiusdem
1190 3235 1330 3310 ciuitatis,
1354 3233 1500 3296 Nicbolao
1522 3231 1664 3308 Wotton,
1702 3241 1770 3296 tune
1792 3233 1874 3296 illius
1895 3231 2002 3295 warde
2024 3231 2069 3294 al-

232 3352 418 3429 dremauuo,
452 3349 582 3413 ilenrico
604 3349 716 3412 Barton
738 3357 768 3412 et
789 3348 919 3412 Roberto
941 3349 1182 3432 Wbitynqbam,
1217 3351 1418 3414 aldremanuo
1438 3351 1573 3414 eiusdem
1595 3353 1744 3426 ciuitatis,
1778 3349 1916 3413 lobanue
1937 3347 2065 3429 Bryllis

231 3471 369 3535 iohanne
387 3469 561 3544 Bittirdcne,
583 3468 750 3546 pannuciis,
768 3465 905 3531 lnbaune
916 3466 1104 3548 Tpnlrctden,
1126 3467 1265 3530 lobanoe
1279 3466 1417 3548 Gyduey,
1440 3471 1588 3549 proceris.
1627 3467 1735 3531 lictum
1753 3467 1898 3545 bondon,
1916 3469 2064 3530 tricesim(-

234 3589 283 3652 die
305 3587 388 3664 iulii,
412 3603 494 3650 anno
514 3585 601 3668 regui
622 3585 714 3666 Regis
736 3583 856 3648 Henmci
878 3587 975 3664 quinti
998 3593 1068 3664 poet
1089 3592 1286 3664 conquestum
1309 3601 1400 3649 nuno.

387 3703 430 3770 lo
453 3703 576 3772 dorcon·
610 3704 669 3767 iste
691 3703 777 3767 litere
799 3703 1034 3786 colligeremus
1057 3704 1142 3767 litere
1167 3703 1324 3769 tlduncie.

233 3963 376 4047 LXX.
423 3964 701 4047 teneretque
728 3885 943 4070 beotdtiqet
974 3965 1060 4045 dem
1083 3963 1322 4046 Gemiliclreo
1349 3963 1406 4045 W.
1422 3963 1577 4068 chtorc
1605 3964 1687 4045 oud
1717 3965 1804 4046 dcco
1825 3963 1872 4044 tt.
1899 3963 2073 4068 llnysord

417 4125 502 4200 ocio
535 4118 783 4198 dmcdcrcctc
812 4116 893 4198 uod
922 4117 1006 4219 Kop
1035 4123 1076 4194 ic
1109 4118 1325 4224 chdeqoc
1348 4120 1468 4199 Lorne.
1529 4118 1643 4220 1421,
1675 4119 1828 4224 Aoqost
1848 4121 1888 4198 5.

388 4295 491 4362 Sciant
512 4285 669 4379 presentes
690 4298 850 4374 ottocari,
873 4297 955 4376 quud
978 4315 1050 4380 ego,
1081 4299 1229 4362 Ricardus
1252 4295 1420 4376 beroam
1450 4300 1525 4364 ciuis
1548 4309 1577 4362 et
1598 4304 1787 4379 piscemrins
1809 4298 1961 4375 london,
1991 4297 2071 4373 dedi,

235 4420 371 4482 concessi
393 4425 423 4480 et
444 4416 501 4480 bac
524 4418 656 4496 presenti
677 4423 760 4478 carta
782 4431 849 4478 mea
871 4416 1050 4480 conbrmaui
1072 4415 1229 4480 willelmo
1252 4415 1381 4498 ilaytnu,
1405 4419 1527 4496 clerico,
1567 4417 1577 4502 ll
1615 4428 1644 4483 et
1667 4419 1786 4501 liugero
1804 4415 1953 4498 ruptore
1976 4423 2072 4478 toturn

236 4543 439 4601 tenementum
460 4549 562 4598 meum
578 4549 648 4598 cunr
665 4534 746 4614 lrayo
763 4534 928 4610 adiacente,
952 4535 1045 4597 simul
1058 4551 1128 4598 cnm
1152 4535 1427 4614 commoditatibus,
1451 4539 1636 4601 aisiamentis
1658 4545 1688 4599 et
1703 4537 1910 4613 pertinenciis,
1929 4534 2073 4614 predictis

236 4663 407 4720 tenemento
428 4662 459 4717 et
480 4654 562 4733 layo
583 4651 843 4732 qualitercumque
880 4649 891 4732 ΙΙ
928 4653 1163 4731 pcrtinentibus,
1197 4657 1317 4718 situatis
1344 4658 1374 4716 in
1404 4656 1534 4731 repello,
1569 4659 1674 4716 vocata
1696 4651 1945 4734 Wyudegoslauc
1965 4653 1997 4714 in
2019 4665 2074 4729 pa·

236 4773 341 4838 roobia
358 4772 501 4836 Omnium
518 4767 700 4835 Sanctorum
723 4769 763 4833 ad
785 4769 888 4834 tenum
908 4767 1057 4848 bordon,
1077 4773 1156 4834 iuter
1178 4781 1378 4836 tenementum
1402 4787 1499 4851 nuper
1515 4771 1719 4834 bartholomei
1733 4770 1906 4853 ltrestlyng
1928 4787 1964 4832 er
1986 4775 2074 4848 perte

237 4893 387 4968 orientali,
407 4899 436 4954 ct
455 4891 579 4971 layum
597 4896 736 4952 vocatum
750 4883 1056 4976 Erterlyoqesbnlle
1071 4905 1109 4953 ea
1120 4898 1208 4968 parte
1225 4891 1416 4967 occidentali,
1434 4905 1470 4954 nc
1488 4905 1600 4969 aqrmm
1610 4889 1763 4953 Tbanusie
1782 4901 1818 4953 et
1833 4897 1921 4967 parte
1936 4889 2074 4964 australi,

237 5019 266 5074 ct
287 5016 489 5073 tenementum
517 5023 614 5086 nuper
641 5006 796 5087 Rcdulplri
823 5007 976 5088 lllalteney
1004 5021 1041 5070 ex
1071 5015 1158 5086 parte
1186 5005 1356 5087 aquilonari
1364 5025 1375 5085 ;
1409 5008 1490 5088 quod
1520 5007 1642 5086 quidem
1671 5015 1871 5070 tenementum
1903 5016 1931 5070 et
1960 5007 2074 5088 layum

238 5145 335 5208 nuper
357 5127 447 5190 simul
470 5141 538 5189 cum
561 5125 697 5204 predicto
720 5125 841 5208 Rogero
863 5134 893 5188 et
914 5125 1070 5188 Willclmo
1093 5123 1210 5204 Olden‚
1248 5129 1309 5189 iem
1332 5125 1489 5203 defuncto,
1526 5125 1619 5188 babai
1641 5143 1677 5188 er
1700 5126 1796 5202 douo,
1832 5128 2026 5190 concessione
2047 5132 2077 5188 ct

239 5245 467 5310 confirmatione
488 5241 603 5308 Tbome
625 5243 775 5322 Fierrers,
805 5245 967 5327 armigeri,
994 5252 1024 5306 et
1045 5242 1208 5321 Alduueie,
1239 5246 1340 5308 vacus
1370 5245 1451 5321 eius,
1479 5243 1651 5309 babendum
1674 5252 1703 5308 et
1726 5244 1886 5309 tenendum
1908 5242 2077 5323 predictum

1839 5393 1874 5447 ⁷0
