4914 6254
414 573 472 656 uu
1189 569 1298 666 nmo,
1322 571 1386 644 uu
1412 569 1472 642 ru

416 860 570 942 mesnagis
589 858 718 940 pretatis
740 853 902 938 uitatpoo
923 857 1051 922 Botiiier
1070 865 1102 922 et
1119 857 1384 938 iohanniiicnde,
1407 869 1440 922 ut
1461 857 1632 939 predictum
1651 867 1714 936 est,
1742 859 1927 922 remanentia
1950 859 2030 922 nitra·
2050 857 2242 926 doemonem

415 988 444 1042 et
467 979 693 1044 concessionem
714 977 869 1058 predictas
890 976 1108 1044 sufficiant-ad
1131 977 1369 1042 consuetudines
1390 979 1564 1042 etsernitie
1586 985 1647 1041 um
1669 977 1707 1042 de
1728 977 1873 1058 predictis
1900 977 2055 1059 mesuagio
2077 979 2143 1043 siue
2163 985 2244 1042 tene·

415 1106 517 1163 ιιιιιο
533 1112 606 1162 ιιιιι
629 1099 699 1162 irato
721 1097 876 1162 adiacertte
896 1099 940 1162 sic
960 1097 1055 1176 datis,
1081 1113 1174 1178 qnam
1197 1096 1235 1162 dc
1255 1099 1397 1178 predictis
1419 1097 1679 1179 aiiisme'snagtis·
1695 1097 1753 1172 siiri
1776 1097 1897 1161 mtentis
1919 1097 2019 1162 dfflte
2037 1093 2192 1174 iacienda,
2214 1105 2243 1161 et

415 1217 577 1282 adomnia
601 1218 660 1281 aiia
683 1232 786 1296 onera,
809 1233 869 1296 que
887 1219 1073 1288 sustinerunt
1091 1223 1120 1280 et
1143 1217 1294 1282 sustinere
1309 1225 1540 1294 consonuerunt,
1563 1225 1594 1280 ut
1612 1217 1645 1280 in
1660 1217 1761 1292 noctise
1786 1215 1909 1294 deibus,
1931 1216 2137 1299 ioancipiagts,
2160 1219 2244 1280 auxi-

415 1339 482 1415 liis,
506 1338 654 1421 taiiagiis,
677 1337 803 1420 vigiliis,
826 1337 950 1414 iinidus,
978 1337 1251 1418 redemptionibus,
1280 1337 1537 1414 ammciamentie‚
1568 1335 1841 1402 contributiooitns
1860 1343 1892 1400 et
1910 1335 1981 1400 eiiis
2003 1337 2240 1417 quibuscunque

414 1457 556 1522 oncriitrm
583 1459 803 1539 emergentibus
831 1451 1023 1534 sustinenda}
1052 1464 1081 1520 et
1115 1456 1196 1536 qood
1223 1455 1314 1520 tidem
1341 1455 1519 1537 itaduipiaus
1550 1453 1675 1520 iiatitier
1700 1465 1730 1520 et
1757 1455 1910 1520 moeones
1938 1455 2040 1520 iiende
2067 1459 2100 1519 in
2128 1457 2240 1534 assitis,

415 1580 522 1644 iuratis
550 1586 580 1643 et
607 1577 678 1642 aitis
707 1575 962 1659 recognitionibus
988 1577 1228 1656 quibuscumque
1258 1580 1330 1657 poni
1358 1575 1490 1656 possint,
1522 1583 1614 1657 prout
1643 1583 1713 1640 ente
1738 1560 1932 1640 donatimm
1962 1584 1992 1640 et
2019 1581 2241 1640 concessionem

367 1731 372 1740 ·
414 1695 566 1778 predictas
592 1699 665 1778 poni
692 1701 927 1773 consonuerunt,
961 1699 1002 1759 ita
1031 1695 1112 1776 qnod
1139 1697 1239 1775 patric
1265 1695 1534 1778 perdonationem
1563 1704 1593 1758 et
1619 1697 1842 1760 mucusionem
1870 1695 2023 1776 predictas
2051 1697 2082 1758 in
2107 1698 2243 1775 ipserum

415 1815 567 1897 iteduipitt
585 1813 710 1879 itotiiicr
730 1824 760 1885 et
780 1815 927 1908 iohannis
948 1813 1050 1879 iiendo
1077 1814 1197 1880 detecto
1224 1817 1323 1898 magis
1349 1813 1439 1878 soiito
1468 1829 1527 1878 non
1558 1815 1734 1878 onerabitur
1756 1829 1852 1896 neque
1872 1816 2061 1899 grauubitar.
2106 1813 2138 1878 in
2160 1817 2244 1878 caius

416 1937 460 1999 rei
481 1937 684 2000 testimonium
704 1942 766 1998 ιιιιι
788 1935 924 2018 sigiiium
945 1934 1017 1998 dicti
1038 1937 1164 1999 maioris
1186 1943 1215 1998 ct
1236 1935 1417 2012 escaetoris,
1452 1947 1543 2013 qoem
1565 1929 1666 2017 cipitia
1688 1937 1856 2002 maiouim
1878 1935 2082 2014 predictorum
2105 1933 2174 1998 imic
2195 1935 2242 1996 ia·

415 2055 569 2134 quistttooi
592 2064 661 2120 sont
681 2069 830 2134 appensa.
874 2053 983 2118 Datum
1003 2054 1065 2132 die,
1088 2053 1157 2119 ioco
1177 2061 1207 2118 et
1229 2069 1308 2118 anno
1330 2052 1523 2134 supradietis.

569 2171 611 2239 Ιιι
628 2171 749 2240 dorso:
771 2173 926 2253 inquisitio
947 2171 1026 2237 iacto
1048 2173 1088 2237 de
1106 2189 1166 2237 veo
1188 2182 1357 2238 tenemento
1378 2189 1448 2237 cum
1470 2175 1549 2255 tayo
1572 2174 1740 2251 adiacente,
1762 2175 1843 2253 qnod
1863 2173 1975 2238 dieitur
1994 2173 2102 2253 pteeea
2124 2173 2243 2240 abitus

415 2296 510 2359 sancti
534 2291 653 2359 ditent.
1431 2289 1434 2296 ’
2161 2289 2165 2296 ’

416 2513 464 2602 C.
505 2521 914 2628 unoquemque.
939 2531 1131 2644 qeutottet
1156 2523 1253 2603 done
1266 2521 1394 2602 iiitier
1418 2519 1464 2599 ii.
1480 2521 1642 2606 Boteicr
1664 2549 1737 2604 oon
1763 2522 1930 2625 Sooetq
1950 2523 2033 2602 tutd
2054 2519 2246 2600 ditectio

492 2675 555 2754 dic
586 2673 876 2784 Ucdertroquup
901 2676 974 2756 des
998 2675 1155 2757 Huiusce
1178 2683 1219 2770 iu
1248 2675 1465 2785 qudepoe
1488 2678 1597 2761 Leuc
1622 2705 1673 2804 on
1700 2678 1762 2759 dic
1786 2675 1903 2758 dotet
1927 2675 1984 2758 St.
2008 2665 2169 2754 Alienae.

1150 2828 1267 2933 tneo,
1297 2831 1380 2914 utet
1402 2831 1462 2913 15.
1483 2831 1518 2935 ¹)

568 3009 727 3090 iicnricus,
750 3009 804 3074 Dei
825 3013 931 3094 gracie
952 3029 1006 3076 rex
1027 3011 1135 3096 tingite
1156 3021 1185 3077 et
1205 3011 1345 3078 iiraneie
1367 3023 1397 3080 et
1417 3015 1557 3079 domiuus
1580 3013 1737 3092 iititernie,
1760 3015 1910 3090 omnious,
1931 3013 1970 3076 ad
1993 3025 2070 3092 quos
2091 3017 2241 3092 presentes

417 3127 514 3192 tittere
535 3132 743 3208 perueneeint,
766 3130 906 3194 satutem.
951 3129 1059 3196 Scietis
1082 3132 1178 3212 qood,
1192 3147 1272 3196 *eum
1295 3127 1356 3197 nos'
1371 3133 1552 3197 duodecimo
1574 3132 1622 3198 die
1644 3133 1714 3198 iiaii
1738 3133 1844 3197 uitiato
1863 3131 2009 3212 preterito
2031 3131 2068 3194 de
2089 3131 2193 3213 macta
2219 3127 2229 3209 t

417 3255 519 3313 nostra
542 3250 667 3328 spectati
695 3249 777 3328 (ote
803 3247 839 3316 e'o
859 3249 1139 3337 eorderqeieoder
1162 3248 1224 3317 No.
1250 3248 1314 3316 tto
1320 3249 1353 3317 V.
1377 3250 1448 3334 dis)
1476 3253 1630 3317 licenciam
1658 3251 1830 3317 dederimus
1858 3250 2036 3332 specialem,
2061 3244 2182 3312 'stctnto
2210 3247 2245 3310 de

415 3369 503 3435 terrio
525 3375 555 3434 et
576 3373 752 3433 tenementis
767 3369 806 3434 ad
825 3385 947 3436 manum
964 3377 1114 3434 mortuam
1126 3355 1197 3434 'noo
1214 3371 1362 3451 ponendis
1385 3371 1483 3436 edicte
1504 3373 1728 3450 nonobstante,
1751 3371 1823 3435 dom
1841 3379 1941 3436 temen
1960 3385 2016 3450 pm
2033 3369 2245 3448 inquisicioeee

416 3487 486 3550 iude
508 3479 607 3552 debite
629 3488 791 3570 capiendas
812 3475 893 3552 etin
923 3489 1135 3554 canceiiaricm
1159 3499 1293 3554 nostram
1317 3488 1363 3554 vei
1385 3489 1529 3555 heredum
1561 3499 1733 3556 nostrorum
1758 3494 1817 3554 rite
1839 3485 2038 3554 netoraaadae
2059 3493 2245 3568 compertum

416 3613 511 3684 esset,
536 3607 619 3688 qnod
647 3607 678 3670 id
706 3607 770 3672 iteri
801 3617 902 3688 posset
931 3609 1046 3688 absque
1068 3607 1201 3689 dampno
1223 3627 1276 3673 seri
1297 3595 1585 3688 pretedteto'noetri
1607 3609 1653 3674 vet
1676 3609 1820 3674 heredum
1843 3617 2015 3673 noseorum
2045 3615 2098 3670 art
2119 3607 2247 3670 aiiorom

417 3739 686 3805 quorumnamqae‚
707 3734 798 3805 prout
820 3730 850 3789 in
874 3726 980 3791 iitte'ris
1002 3729 1114 3791 nostris
1136 3729 1308 3808 patentibus
1329 3728 1400 3792 inde
1416 3727 1559 3793 coniectis
1581 3729 1702 3808 pientes
1724 3731 1911 3793 continetur:
1933 3740 2000 3806 nos,
2022 3726 2155 3790 veientes
2177 3739 2247 3787 non·

417 3845 586 3907 cessionem
608 3852 742 3908 nostram
764 3843 932 3926 predictam
952 3845 1071 3910 encetm
1097 3846 1199 3912 uetito
1227 3850 1411 3930 mancipent,
1441 3851 1646 3914 concessimus
1665 3855 1701 3911 ‘et
1724 3847 1886 3912 iicenctam
1914 3815 2050 3916 dedimus
2076 3860 2135 3924 pro
2162 3845 2246 3907 neiis

418 3969 447 4026 et
468 3961 630 4027 centnm
652 3966 763 4028 nostris
785 3963 939 4044 predictis,
961 3953 1106 4044 qnantum
1128 3968 1159 4029 in
1183 3969 1269 4032 nobis
1291 3975 1349 4044 est,
1371 3967 1497 4048 pretatis
1510 3966 1670 4048 iiadoipiso
1690 3976 1721 4030 et
1734 3965 1875 4045 intonui,
1898 3965 1984 4048 qnod
2002 3968 2061 4044 ipsi
2080 3965 2245 4046 predicte·

418 4063 609 4164 mesnagium
632 4084 697 4146 siue
718 4091 917 4148 tenementum
938 4101 1010 4148 cum
1032 4086 1102 4150 iaie
1124 4085 1282 4152 adiacente
1310 4085 1401 4152 simoi
1430 4104 1497 4150 com
1525 4086 1665 4151 omuibus
1694 4088 1880 4152 aisiamentis
1907 4095 1937 4152 et
1959 4089 2066 4150 ceteris
2094 4085 2158 4148 suis
2177 4099 2246 4164 per·

418 4203 551 4266 tinentiis
574 4219 610 4266 ee
631 4204 748 4268 iuribus
770 4205 1024 4284 quibuscumque,
1054 4205 1198 4286 predictis
1220 4207 1376 4289 mesuagio
1399 4209 1464 4270 siue
1483 4211 1653 4270 tenemento
1674 4215 1705 4271 et
1726 4207 1796 4271 iraio
1818 4206 2077 4287 qualitercumque
2098 4207 2247 4284 pertinen·

418 4323 514 4400 tibus,
548 4338 606 4404 que
629 4322 758 4388 edocto
781 4322 875 4387 libras
897 4319 1098 4389 extenduntur
1119 4341 1175 4404 per
1195 4343 1307 4391 annum
1329 4303 1365 4390 et'
1380 4341 1438 4406 que
1461 4332 1599 4390 tenentur
1617 4326 1655 4390 de
1675 4328 1764 4391 nobis
1786 4329 1816 4392 in
1846 4327 1951 4391 itinero.
1973 4327 2137 4408 burgagio,
2172 4326 2246 4388 sicut

418 4449 482 4506 tota
504 4429 612 4508 ciuitas
634 4441 843 4508 Londonensis
865 4449 998 4524 tenetur,
1033 4437 1125 4524 prout
1146 4456 1202 4525 per
1222 4445 1375 4525 quandam
1397 4447 1624 4524 inquisicionem
1647 4461 1751 4510 coram
1771 4445 1929 4511 Wiiteimo
1950 4445 2101 4523 Morene,
2136 4445 2247 4510 maiore

419 4562 498 4627 dicte
518 4549 650 4626 ciuitatis
673 4571 774 4627 nostre
796 4579 832 4626 ac
854 4569 1007 4628 escaeiore
1029 4571 1133 4628 nostro
1155 4567 1186 4628 in
1211 4565 1316 4630 eadem
1340 4566 1476 4644 ciuitate,
1498 4565 1702 4630 demandato
1725 4575 1830 4630 nostro
1852 4573 1972 4648 ceptam
1994 4573 2025 4628 et
2045 4565 2075 4628 io
2098 4562 2244 4628 canociie·

420 4683 497 4746 ιὶιιιι
519 4690 656 4746 oestron
678 4690 863 4748 rotomatam
877 4683 914 4762 ⁹]
937 4690 982 4746 est
1003 4691 1201 4762 compertam,
1223 4683 1298 4748 dare
1317 4685 1437 4764 possint
1458 4694 1487 4751 et
1508 4686 1673 4751 concedere
1695 4684 1822 4766 perietis
1842 4683 1943 4748 abieti
1965 4691 1995 4748 et
2016 4683 2177 4748 concentui
2195 4681 2248 4744 ie·

421 4795 552 4864 bendum
575 4808 605 4865 et
627 4801 789 4866 tenendum
811 4801 869 4865 siit
892 4808 921 4866 et
942 4801 1168 4868 successoribus
1190 4807 1253 4868 suis
1276 4803 1421 4883 predictis
1442 4805 1675 4888 imperpetuum.
1719 4803 1757 4868 iit
1778 4803 1890 4868 eisdem
1913 4803 2014 4868 atinati
2032 4809 2062 4866 et
2080 4801 2247 4876 connectat,

423 4919 504 4998 qnod
526 4921 584 5002 ipsi
606 4920 711 4986 eadem
734 4923 922 5005 mesuagium
945 4921 1010 4987 sine
1032 4931 1232 4989 tenementum
1256 4928 1284 4986 et
1305 4921 1408 4988 icium
1431 4933 1499 4989 oum
1522 4925 1707 4990 aisiamentis
1729 4933 1759 4988 et
1779 4924 1887 4988 ceteris
1909 4927 1972 4987 sois
2000 4921 2193 5003 pertinenciis
2213 4935 2248 4983 ec

464 5188 479 5200 '¹
579 5208 602 5276 ¹)
629 5183 689 5286 ine
708 5212 780 5262 einer
798 5174 995 5276 steininettiqen
1012 5187 1149 5268 innotuit
1166 5162 1392 5283 rni'i’crqement.
1492 5184 1495 5194 ⁶
1563 5215 1589 5280 ²)
1618 5215 1662 5266 Sie
1680 5184 1877 5266 wird'e'rrtiimt
1895 5216 1930 5271 irn
1951 5213 2107 5266 Criendarto
2126 5211 2248 5275 inquisit

423 5301 486 5359 poet
501 5297 615 5350 mertem
634 5301 683 5348 etc.
701 5297 731 5348 t.
745 5295 791 5350 tt.
811 5307 836 5361 p.
849 5295 910 5352 tas.
929 5299 977 5352 Ne.
990 5297 1032 5352 tt.
1843 5288 1867 5317 ·'
