4914 6254
1011 523 1121 648 tanc,
1147 558 1233 628 man
1259 553 1293 626 4.
1974 563 2058 644 12⁷

220 903 335 994 dxl.
380 911 504 1017 Kbnig
532 909 705 992 umaro
739 911 763 990 t
767 909 805 990 V.
841 919 1033 1016 pastottet
1073 912 1148 993 den
1189 912 1404 1012 dctctsclrcn
1438 913 1601 994 Hocscc
1641 915 1717 996 dec
1760 915 1913 996 damas
1951 917 2056 997 ihrer

248 1065 481 1168 Pcs’cilept'cn
512 1063 572 1142 bie
600 1062 836 1142 Missommer
865 1061 985 1164 1471,
1013 1063 1116 1166 solla
1145 1064 1355 1144 bccmscltc
1388 1063 1588 1146 Gesucdta
1615 1066 1683 1168 fttr
1714 1068 1778 1146 dte
1807 1068 2025 1150 Friedecsa-

318 1214 683 1318 Unterltondltccpac
716 1213 852 1294 waram
881 1221 973 1295 amai
1000 1217 1149 1295 Jobrcc
1178 1215 1283 1318 anob
1312 1213 1495 1320 Enplccd
1525 1218 1762 1323 obpccrdcct
1791 1222 1954 1348 toerdec.

975 1365 1094 1470 1466,
1125 1367 1234 1447 Midea
1257 1367 1294 1448 4.

370 1549 541 1627 Eduardus,
563 1548 618 1612 llei
639 1550 744 1632 gracia
766 1565 817 1614 rer
841 1549 959 1632 Anglie,
982 1548 1118 1626 Francis,
1141 1555 1170 1611 et
1191 1547 1333 1614 dominus
1352 1548 1510 1628 Hibernia,
1545 1552 1686 1616 omnibus
1717 1553 1755 1616 ad
1786 1553 1867 1632 quod
1897 1564 2052 1635 presentes

218 1669 315 1730 littere
336 1668 547 1746 pervenerint,
579 1667 719 1731 salntem.
763 1665 889 1745 Sciatis,
923 1668 1006 1748 quod
1029 1683 1100 1744 nos,
1134 1683 1172 1732 es
1192 1670 1283 1733 certis
1305 1670 1407 1734 causis
1430 1676 1460 1732 ct
1482 1669 1777 1734 considerationibus
1799 1685 1854 1736 nos
1881 1673 2054 1752 specialiter
2126 1681 2132 1696 ·

217 1787 424 1863 monentibus,
453 1785 491 1848 de
512 1787 616 1868 gracia
637 1793 740 1848 nostra
762 1785 889 1866 speciali
911 1801 947 1848 ac
969 1793 1110 1849 exserta
1132 1787 1257 1849 scientia
1285 1795 1314 1852 et
1335 1801 1420 1850 mero
1443 1796 1526 1850 motu
1549 1789 1677 1864 nostris,
1712 1791 1916 1854 concessimus
1941 1798 1970 1853 et
1997 1808 2053 1871 per

215 1910 371 1982 presentes
393 1903 596 1979 concedimus,
619 1917 677 1982 pro
699 1903 786 1967 nobis
808 1911 837 1966 el
860 1903 1022 1968 heredibus
1045 1906 1166 1982 nostris,
1189 1906 1410 1968 mercatoribus
1431 1907 1516 1988 regni
1538 1903 1726 1984 Alemannis,
1750 1905 1829 1984 iilis,
1853 1907 1977 1984 scilieet,
2000 1911 2052 1988 qni

216 2021 328 2085 babent
345 2022 471 2108 'domurn
494 2021 525 2084 iu
547 2023 669 2084 ciuitate
691 2019 832 2099 Londcn,
862 2037 920 2100 qne
948 2017 1159 2088 Gcildcbcllc
1185 2021 1433 2088 Teutonicorunt
1454 2023 1621 2106 vulgariter
1642 2033 1849 2105 nuncupatur,
1884 2027 1966 2104 qued
1988 2029 2047 2106 ipsi

215 2141 354 2206 condens
376 2155 393 2200 a
416 2138 493 2202 testo
514 2140 679 2204 natiuitatis
701 2141 797 2204 sancti
811 2139 958 2204 lobannis
980 2141 1120 2221 baptiste,
1144 2137 1224 2219 qnod
1248 2141 1304 2203 erit
1326 2155 1406 2204 anno
1424 2140 1543 2204 Domini
1559 2141 1721 2206 millesimo
1745 2138 1973 2220 cccctxvn,
1995 2159 2051 2222 par

215 2259 345 2338 quinque
367 2273 463 2321 annos
484 2257 523 2320 ab
545 2256 652 2321 ecdem
674 2256 751 2322 lesio
773 2259 915 2338 proximo
937 2265 966 2321 st
988 2259 1160 2322 immediate
1181 2257 1410 2337 computandos,
1434 2274 1490 2337 per
1511 2267 1607 2322 totum
1630 2274 1758 2342 Quum
1780 2269 1918 2324 nocuum
1931 2260 2050 2343 Anglie,

213 2394 329 2439 necnon
351 2377 410 2439 alia
433 2375 501 2440 loca
524 2376 611 2439 nobis
633 2375 778 2451 subiecta,
800 2376 942 2440 omnibns
963 2384 992 2438 et
1013 2376 1140 2460 singuiis
1163 2376 1351 2458 priuilegiis,
1381 2375 1571 2440 libertatibus
1594 2384 1624 2440 et
1645 2377 1748 2440 liberis
1771 2379 2049 2454 cocsuemdintbns,

213 2496 322 2573 quibus
345 2495 404 2570 ipsi
426 2493 654 2574 progenitorum
678 2503 862 2572 nostrorum,
885 2493 1038 2573 qnondam
1060 2509 1166 2577 regum
1182 2493 1301 2576 buglis,
1325 2495 1513 2574 temporibus
1536 2509 1593 2574 par
1614 2511 1719 2558 eorum
1742 2504 1842 2558 cartas
1866 2496 1977 2560 ibidem
2000 2514 2049 2559 ra-

115 2639 120 2650 ·
212 2610 403 2674 cinnabiliter
425 2610 468 2672 vsi
491 2607 612 2672 inerunt
633 2619 663 2674 et
685 2613 793 2693 ganisi,
817 2610 913 2675 libere
935 2621 963 2674 et
986 2613 1172 2692 pacificasti
1195 2620 1224 2675 et
1244 2612 1379 2694 gaudere
1400 2615 1536 2690 possint,
1559 2627 1654 2692 eaque
1677 2613 1808 2676 babeant
1828 2623 1857 2677 et
1876 2597 1975 2677 'libere
1997 2631 2050 2676 ex-

211 2738 344 2806 erceant,
368 2729 482 2808 absque
504 2727 728 2808 impedimento,
751 2730 988 2807 inquietacione,
1011 2730 1226 2794 molestacions
1249 2731 1314 2793 siue
1336 2731 1569 2809 perturbacione
1590 2745 1781 2812 quacumque
1803 2733 1898 2794 nostri
1921 2747 1974 2794 seu
1996 2733 2050 2794 be-

211 2849 317 2912 redum
340 2855 530 2925 nostrornm,
562 2845 840 2926 officiariorumque
861 2855 892 2909 et
913 2847 1121 2910 ministrorum
1143 2854 1316 2910 nosmorum
1338 2857 1390 2910 ant
1416 2863 1540 2912 suorum
1563 2863 1840 2928 quorumcumque,
1874 2851 1931 2912 sub
1957 2851 2049 2923 modo

210 2973 239 3027 et
261 2965 439 3031 condicione
460 2965 650 3028 huiusmodi:
685 2965 765 3045 quod
788 2967 859 3044 ipsi,
883 2964 1021 3029 videlicet
1041 2973 1224 3028 mercatores
1246 2966 1332 3046 regni
1355 2963 1549 3042 Alemannis,
1572 2964 1651 3028 inira
1674 2965 1752 3030 duos
1773 2969 1890 3044 primos
1911 2982 2008 3030 annos
2031 2985 2048 3028 a

209 3084 289 3147 dicto
312 3080 389 3147 sesto
412 3085 578 3147 natiuitatis
600 3085 697 3147 sancti
718 3083 866 3147 lobannis
887 3085 1030 3162 proximo
1052 3086 1192 3146 continue
1215 3082 1430 3159 numerandos,
1451 3090 1554 3148 certos
1575 3091 1805 3162 procuratores,
1828 3085 1971 3160 nuncios,
1994 3101 2048 3146 seu

208 3201 443 3264 ambassiatores
465 3219 555 3278 snos,
577 3217 636 3279 pro
656 3209 745 3280 parte
765 3209 799 3266 cs
817 3205 938 3266 nomine
961 3203 1055 3265 tocius
1078 3201 1178 3266 llansc
1199 3200 1363 3264 Teutonico
1385 3209 1603 3278 mercatorum,
1626 3201 1726 3282 plene
1748 3201 1911 3266 instructos
1934 3211 1965 3264 et
1984 3201 2048 3264 sul-

209 3319 355 3382 dcientem
377 3321 408 3382 in
430 3334 466 3381 ea
488 3327 576 3397 parte
596 3326 775 3398 potestatem
797 3320 941 3383 habentes
963 3320 1002 3383 ad
1024 3318 1231 3397 tractandum,
1261 3319 1560 3396 communicandum,
1599 3319 1844 3382 concordandum
1867 3328 1898 3381 et
1918 3317 2049 3381 flunluer

208 3435 448 3500 concludendum
472 3437 628 3500 nobiseum
650 3438 716 3500 siue
737 3453 806 3500 cum
829 3438 1047 3500 commissariis
1069 3439 1197 3512 nostris,
1231 3437 1394 3514 omniaque
1421 3444 1448 3498 et
1477 3435 1596 3518 singula
1625 3419 1797 3498 t'a'ciendum
1827 3445 1856 3498 et
1884 3435 2046 3517 agendum,

207 3571 266 3634 que
288 3553 327 3618 ad
349 3556 548 3626 intercursum
572 3563 601 3616 et
622 3555 804 3618 exercicium
826 3555 1078 3618 commerciorum
1101 3562 1130 3618 et
1152 3553 1428 3632 mercandisarum,
1459 3569 1512 3616 seu
1535 3552 1574 3614 ad
1597 3554 1827 3615 innouacionem
1850 3558 1902 3615 ant
1923 3567 2048 3632 compc-

206 3675 344 3738 siticusm
367 3677 469 3753 pacis,
504 3671 615 3736 federis
637 3680 666 3734 et
688 3673 825 3735 amicicie
847 3677 991 3753 perpetue
1014 3675 1170 3736 internos
1192 3681 1222 3734 et
1250 3679 1435 3736 mercatores
1457 3671 1610 3749 predictos
1640 3673 1811 3734 necessaria
1840 3669 1964 3746 ioennt,
1992 3685 2046 3732 seu

205 3791 431 3870 quomodolibet
452 3799 640 3871 opportuna,
673 3789 713 3854 ad
735 3807 792 3852 uos
815 3791 934 3854 mittant
963 3791 993 3854 in
1023 3807 1150 3872 regnum
1179 3798 1316 3852 nostrum
1339 3788 1450 3872 buglis
1477 3788 1658 3868 predictum.
1710 3787 1752 3850 lta
1780 3790 1879 3867 quod,
1912 3790 1939 3852 si
1966 3787 2045 3850 inira

205 3909 301 3972 dictos
327 3909 404 3973 duos
433 3909 550 3991 primos
579 3923 675 3971 annos
703 3908 836 3986 utrinque
864 3923 1013 3972 annornm
1042 3908 1303 3988 supradictorum,
1337 3906 1520 3988 legationem
1547 3923 1599 3970 seu
1627 3907 1843 3970 ambasciatam
1872 3904 2046 3970 huiusmodi

204 4005 234 4088 in
256 4026 354 4088 t'orma
376 4027 511 4106 predicta
533 4026 572 4090 ed
595 4043 650 4090 nos
673 4039 733 4089 nnn
757 4027 908 4104 miserint,
932 4041 969 4088 ax
992 4033 1063 4089 tnnc
1085 4031 1115 4089 el
1137 4027 1169 4087 in
1196 4025 1281 4088 iilum
1304 4031 1461 4102 euentum,
1495 4025 1634 4088 volumus
1663 4024 1741 4086 banc
1767 4026 1995 4090 concessionem
2017 4033 2046 4086 et

203 4150 358 4224 presentes
381 4142 497 4207 litteras
519 4152 640 4206 nostras
661 4161 716 4224 per
737 4144 833 4207 dictos
856 4143 933 4207 duos
955 4144 1071 4224 primos
1092 4159 1188 4207 annos
1210 4142 1403 4207 solummodo
1425 4151 1454 4206 et
1476 4142 1648 4206 nullatenus
1671 4140 1748 4204 vltra
1770 4141 1890 4205 durare.

356 4259 393 4323 llt
415 4259 541 4324 ulterius
560 4260 598 4323 de
619 4264 725 4342 gracia
745 4269 850 4326 nostra
871 4261 1008 4342 speciali,
1030 4269 1122 4340 atoue
1144 4277 1182 4324 ex
1202 4260 1333 4324 sciencia
1355 4269 1385 4323 et
1414 4268 1500 4325 motu
1526 4257 1753 4336 consimilibus,
1789 4257 1994 4322 concessimus
2014 4265 2045 4318 et

202 4395 259 4459 per
280 4385 434 4458 presentes
456 4376 662 4456 concedimus,
688 4363 757 4456 prc'
770 4377 856 4442 nobis
879 4388 909 4442 ct
933 4378 1095 4443 heredibus
1124 4380 1252 4456 nostris,
1286 4378 1503 4442 mercatoribus
1531 4379 1622 4460 regni
1645 4375 1822 4440 stemmate
1848 4372 2043 4452 supradictis,

203 4495 284 4577 qnod
305 4497 364 4574 ipsi
387 4503 416 4557 et
437 4509 543 4558 eornm
565 4494 692 4573 quilibet
713 4513 729 4558 e
750 4495 887 4574 predicto
910 4495 987 4561 festo
1011 4497 1176 4560 natiuitatis
1199 4495 1297 4560 sancti
1318 4493 1466 4560 lobannis
1489 4495 1623 4576 baptiste
1651 4511 1706 4573 per
1735 4500 1871 4570 tempus,
1905 4506 1966 4569 quo
1988 4490 2043 4553 bec

202 4613 357 4677 concessio
380 4619 409 4675 et
430 4619 586 4692 presentes
609 4611 706 4675 littere
729 4619 842 4689 nostre,
865 4621 895 4675 vt
917 4615 1111 4691 premittitur,
1133 4612 1296 4690 durabunt,
1319 4614 1411 4692 ouidi
1435 4615 1495 4676 sint
1517 4621 1546 4674 et
1567 4611 1738 4685 exonerati,
1766 4625 1839 4691 erga
1862 4623 1918 4670 nos
1940 4614 1969 4669 et
1990 4607 2043 4668 be-

203 4730 289 4794 redes
311 4737 447 4808 nostros,
483 4728 522 4792 de
543 4731 683 4793 omnibus
705 4739 734 4794 ct
755 4729 937 4794 omnimodis
959 4731 1103 4795 subsidiis
1125 4733 1293 4808 concessis,
1329 4740 1358 4795 ct
1380 4731 1508 4794 durante
1530 4729 1659 4792 termino
1681 4725 1817 4807 predicto
1845 4723 2044 4786 concedendis

201 4848 300 4926 nobis,
323 4857 385 4912 tem
406 4863 465 4927 pro
486 4848 626 4928 personis
648 4848 723 4925 suis,
746 4863 838 4926 quam
860 4863 918 4927 pro
940 4849 1081 4912 omnibus
1102 4849 1191 4912 bonis
1212 4857 1241 4911 et
1263 4846 1461 4912 mercandisls
1482 4848 1546 4908 suis
1567 4849 1597 4907 in
1621 4853 1750 4928 regnum
1771 4850 1907 4906 ucsuum
1925 4841 2042 4924 buglis,

202 4967 277 5029 citra
299 4965 388 5030 linem
410 4967 555 5047 temporis
576 4969 749 5046 prescripti,
771 4973 802 5028 rt
823 4967 1015 5048 premittitur,
1038 4983 1095 5047 per
1115 4981 1336 5045 quemcumque
1358 4971 1560 5028 mercatorum
1580 4962 1785 5040 predictorum
1807 4959 1992 5024 adducendis
2014 4967 2043 5022 el

201 5090 285 5147 entra
307 5083 386 5146 idem
409 5100 535 5167 regnum
560 5093 697 5148 nostrum
719 5083 830 5168 Angiie
853 5083 1034 5161 educendis,
1067 5082 1225 5148 debendis.
1280 5079 1380 5147 Salvis
1408 5081 1496 5145 nobis
1525 5089 1555 5145 et
1583 5079 1744 5144 heredibus
1773 5079 1885 5142 nostris
1912 5079 2043 5155 actionis

200 5203 313 5264 nostris
334 5202 435 5280 prisis,
458 5201 591 5278 iuribus,
619 5202 886 5268 consuetudinibus
908 5211 938 5266 et
959 5204 1104 5274 custumis
1125 5203 1377 5281 quibuscumque,
1400 5199 1505 5276 nobis,
1539 5199 1654 5276 absque
1675 5195 1843 5278 preiudicic
1864 5195 2043 5278 priuilegio-
