4998 6256
398 575 459 662 48
1149 565 1260 662 lats,
1285 570 1434 647 October
1455 569 1491 642 2'.

404 863 596 928 exaccionem
611 877 655 924 ac
676 871 754 924 cans
776 869 890 924 nouum
912 863 942 920 et
962 850 1129 920 moabitem
1151 867 1245 936 snper
1264 857 1351 936 ipsos
1373 857 1540 938 inponere,
1563 863 1663 920 cerum
1683 863 1855 935 cosmas,
1889 855 2029 924 videlicu
2047 857 2125 925 daos
2147 859 2240 928 derra·

402 981 468 1046 rios
489 979 528 1044 aa
548 977 685 1057 cnunc
711 947 797 1042 mulo
826 975 886 1042 vni
913 982 943 1039 o
969 971 994 1036 ιι
1017 973 1159 1040 assarios
1185 973 1224 1040 es
1251 973 1387 1055 cuano
1413 973 1503 1054 crpus
1519 973 1555 1052 ι)
1583 972 1659 1038 sats
1686 992 1742 1056 su
1770 977 1854 1056 ιμοι
1883 976 2024 1043 cormac
2048 980 2163 1044 uuus
2190 981 2239 1045 vu

402 1097 517 1164 eductis
539 1115 557 1160 a
580 1097 719 1179 ciuitate,
746 1101 776 1159 et
797 1094 835 1158 de
857 1092 991 1174 qualibet
1011 1091 1084 1175 biga
1097 1091 1134 1170 ²)
1157 1101 1278 1157 carcata
1301 1109 1370 1157 curn
1392 1093 1504 1170 allece,
1532 1108 1600 1156 cum
1621 1091 1714 1176 lignis
1736 1095 1851 1158 vocatis
1872 1107 2099 1183 weybeecotte,
2133 1095 2240 1166 boue-

403 1227 533 1299 aturocs,
556 1219 624 1296 pice
645 1223 675 1279 et
693 1225 782 1280 torre
803 1221 833 1276 et
854 1212 923 1276 aliis
945 1209 1160 1286 mercimoniis,
1183 1210 1260 1276 duos
1276 1211 1403 1288 solidos,
1425 1218 1455 1274 et
1473 1210 1511 1274 de
1529 1227 1610 1289 cera,
1632 1210 1706 1295 flou
1720 1221 1749 1277 et
1763 1209 1884 1280 wuclsa
1906 1222 1936 1278 et
1957 1213 1995 1280 de
2016 1217 2157 1282 omnibns
2169 1219 2239 1282 aliis

402 1336 616 1406 mammenus,
628 1333 707 1400 alias
725 1333 827 1401 'nouos
847 1330 1065 1410 imposiciones
1085 1343 1120 1394 ec
1139 1327 1264 1397 diuersa
1281 1325 1343 1395 alia
1366 1337 1529 1408 costumas,
1552 1333 1770 1422 presteciones,
1792 1332 1928 1421 scloamir
1949 1338 1982 1398 et
1999 1348 2095 1398 onero
2117 1335 2154 1401 de
2169 1338 2241 1418 pre⁴¹

403 1454 474 1521 latis
495 1453 730 1532 mercatoribus,
761 1459 790 1516 et
816 1457 920 1515 contra
948 1457 1084 1512 tenorem
1105 1455 1258 1512 cartarum
1280 1457 1310 1542 ct
1332 1450 1591 1528 composicionum
1612 1446 1817 1529 predictarum
1846 1469 1882 1543 ac
1911 1452 2086 1523 libertatum
2112 1461 2142 1518 et
2162 1455 2237 1520 libe-

392 1590 508 1655 ‚rarum
530 1573 780 1637 consuetudinum
803 1585 927 1636 suarum
950 1584 968 1631 a
992 1576 1053 1631 tam
1075 1567 1168 1649 longo
1190 1575 1326 1647 tempore
1353 1577 1546 1648 optentarun
1573 1575 1603 1632 et
1630 1569 1825 1648 vsitatarum,
1858 1569 2005 1636 soluenda
2032 1573 2094 1636 iarn
2122 1574 2240 1638 nouiter

405 1700 434 1757 ct
455 1692 589 1757 indebite
616 1693 774 1773 exigerunt
800 1696 830 1752 et
856 1703 908 1752 eos
930 1703 967 1751 ea
989 1686 1148 1751 occasione
1169 1683 1397 1750 distrinxerunt,
1441 1685 1654 1769 supplicantes
1675 1687 1771 1753 dictos
1794 1691 1940 1754 maiorem
1962 1697 1992 1754 et
2012 1689 2238 1769 aldermannus,

404 1820 553 1892 quatenns
574 1812 676 1874 venire
697 1809 834 1874 iuberent
855 1823 958 1872 coram
982 1807 1042 1881 eis,
1076 1820 1148 1887 erga
1170 1811 1284 1870 certum
1307 1804 1388 1870 diem
1410 1813 1481 1870 tunc
1503 1814 1693 1887 sequentem,
1727 1816 1788 1872 tam
1816 1808 1913 1873 dictos
1936 1808 2125 1874 vicecomites
2146 1826 2240 1889 quam
2270 1841 2274 1850 ·

404 1939 591 1997 mercatores
612 1927 790 2004 antedictos,
813 1925 903 1991 simul
926 1941 995 1990 cunt
1017 1924 1158 1988 omnibus
1180 1931 1209 1986 ct
1230 1922 1360 2005 siugulis
1382 1924 1547 1990 euidcnciis
1568 1933 1598 1989 et
1619 1924 1764 2003 recondis,
1787 1941 1846 2006 pue
1868 1927 1976 1992 merita
1990 1943 2152 2016 censuum
2169 1927 2240 1994 binc

404 2059 435 2116 et
454 2049 525 2114 inde
545 2047 736 2130 postularent
757 2045 803 2110 vel
826 2047 856 2108 in
878 2043 991 2110 eisdem
1013 2043 1151 2107 ualerent
1171 2057 1294 2122 quoquo
1316 2043 1417 2121 modo,
1441 2051 1473 2108 nt
1493 2043 1585 2109 iidem
1607 2045 1706 2110 maior
1727 2052 1757 2110 et
1777 2043 1983 2124 aldermanni,
2009 2045 2121 2112 auditis
2142 2053 2171 2110 et
2192 2051 2241 2111 in-

404 2169 534 2234 tellectis
555 2175 616 2230 tam
638 2165 797 2230 domandis
818 2173 848 2228 ct
869 2162 1108 2246 allagacionibus
1130 2177 1169 2226 ex
1189 2177 1249 2226 vna
1270 2170 1368 2240 parte,
1391 2177 1483 2242 qnam
1505 2163 1632 2228 obiectis
1653 2172 1685 2240 et
1704 2165 1956 2243 responsionibus
1975 2179 2013 2228 ex
2034 2163 2148 2244 almra,
2174 2183 2242 2232 am·

402 2288 580 2370 iniguitatem
603 2285 709 2350 tollent
731 2289 760 2348 et
782 2281 926 2360 euellent,
948 2299 985 2346 ac
1006 2279 1173 2346 remedium
1194 2282 1349 2361 perpetuis
1371 2283 1559 2360 temporibus
1580 2282 1822 2361 obseruandum,
1852 2284 1894 2347 ita
1916 2283 1998 2364 qnod
2020 2285 2052 2346 ia
2073 2283 2198 2348 dubium
2220 2301 2239 2348 a

404 2407 496 2471 modo
518 2423 579 2469 non
601 2412 749 2481 uertatur,
771 2409 904 2467 statuere
925 2409 955 2464 et
972 2400 1213 2464 irrevocabiliter
1233 2399 1369 2463 stabilire
1390 2398 1597 2484 dignarentur.
1642 2402 1721 2466 bicti
1743 2418 1865 2481 qnoque
1886 2403 2026 2466 maioret
2039 2401 2239 2482 aldermanni,

392 2525 557 2590 dicturum
577 2529 782 2588 mercatorum
803 2519 945 2600 precibus
968 2527 1111 2596 unquam
1140 2518 1227 2582 iustis
1254 2527 1285 2582 et
1312 2519 1428 2582 racioni
1456 2522 1598 2585 consonis
1627 2519 1836 2586 fauorabiliter
1863 2521 2015 2599 inclinati,
2048 2521 2183 2586 nolentes
2209 2525 2240 2586 in

405 2650 552 2722 mantum
574 2641 707 2720 poterint
729 2645 913 2702 mercatores
934 2635 1087 2718 predictos
1109 2643 1193 2700 extra
1216 2635 1369 2702 libertates
1390 2653 1463 2702 suas
1483 2639 1657 2718 aliqualiter
1678 2638 1769 2717 nabi
1792 2639 1897 2705 uenire
1918 2638 2054 2704 lecemnt
2074 2657 2179 2707 coram
2196 2643 2241 2706 eis

406 2761 456 2826 die
476 2758 560 2826 Lune
581 2756 660 2822 lllll.
681 2757 731 2822 die
742 2757 896 2822 Februarii
918 2764 988 2821 tunc
1010 2757 1158 2837 proximo,
1182 2763 1243 2820 um
1264 2755 1362 2820 dictos
1376 2755 1566 2824 vicecomites
1583 2773 1676 2839 ιιιιιιιι
1694 2759 1791 2823 dictos
1805 2755 1914 2824 Gobell
1929 2756 2072 2824 Glinsner
2094 2765 2241 2825 etomues

348 2866 350 2872 ’
405 2877 484 2944 alios
505 2885 690 2960 mercatores
714 2873 751 2940 de
772 2874 868 2940 bansa
900 2882 930 2938 et
958 2873 1050 2940 domo
1070 2873 1209 2954 predicta
1237 2875 1269 2938 in
1290 2872 1416 2941 bordon
1445 2877 1618 2942 existemes.
1669 2875 1706 2940 Et
1727 2877 1799 2942 dicti
1822 2877 2027 2955 vicecomites,
2061 2895 2117 2958 per
2143 2878 2241 2943 dictos

405 2998 552 3062 maiorem
574 3004 605 3058 et
625 2993 839 3060 aldermannus
861 3010 955 3073 super
975 2995 1133 3074 premissis
1155 2994 1295 3072 allocuti,
1328 2992 1491 3060 defendunt
1519 2997 1646 3062 iniurias
1673 2997 1848 3077 suppositas
1869 2996 1970 3076 quoad
1993 2995 2130 3079 singulas
2150 3013 2241 3082 exac-
2309 3033 2315 3046 ·

406 3119 564 3184 cionemet
578 3121 731 3180 custumes
746 3108 919 3191 predictas!
944 3113 981 3176 llt
997 3112 1101 3178 dieunt
1117 3113 1198 3192 quod
1214 3112 1286 3180 dicti
1298 3122 1483 3180 mercatores
1493 3115 1603 3181 iniuste
1615 3121 1841 3195 conqueruntur
1856 3113 2006 3180 aduersus
2019 3115 2056 3193 ³)
2073 3134 2137 3195 eos,
2158 3118 2240 3196 uuio.

405 3237 525 3312 dicum,
553 3233 635 3314 quod
664 3233 722 3312 ipsi
752 3238 851 3296 tenent
878 3247 896 3294 a
918 3231 1043 3296 domino
1065 3247 1155 3314 rege,
1184 3233 1262 3296 sicut
1284 3240 1314 3294 ct
1334 3232 1387 3295 alii
1408 3233 1598 3298 vicecomites
1619 3250 1723 3298 coram
1745 3237 1789 3298 eis
1811 3241 1986 3312 tenuerunt,
2017 3236 2242 3300 vicecomitatus

404 3353 530 3418 London
552 3359 583 3417 et
598 3349 775 3427 lliddlesex,
798 3365 867 3414 oum
890 3351 1030 3414 omnibus
1054 3353 1210 3429 cusuvmis,
1233 3351 1325 3416 rebus
1346 3359 1376 3415 ct
1397 3352 1672 3432 commoditatibus,
1695 3355 1740 3417 cis
1755 3353 2015 3433 qualitercumque
2035 3354 2242 3440 spectantibus

405 3483 435 3538 et
461 3472 680 3551 pertinentibus
702 3469 742 3534 ad
763 3467 845 3534 teodt
876 3467 994 3534 ilrmam
1023 3485 1081 3548 pro
1103 3478 1185 3536 certa
1207 3485 1326 3534 summa
1354 3469 1436 3536 dicto
1458 3469 1581 3534 domino
1604 3473 1669 3554 regi
1692 3473 1722 3536 iu
1744 3469 1905 3536 Senecario
1924 3487 1983 3536 suo
2003 3472 2161 3537 soluenda.
2205 3473 2242 3536 tu

404 3591 523 3668 dicunt,
549 3589 632 3672 qnod
653 3605 759 3652 omnes
782 3589 970 3652 vicecomites
991 3587 1152 3665 hactenns,
1183 3605 1201 3652 a
1223 3595 1442 3668 temporeque
1464 3605 1524 3653 non
1546 3597 1628 3654 extat
1649 3590 1805 3656 nominum
1828 3591 1991 3668 memoria,
2021 3600 2083 3654 tam
2106 3600 2243 3673 tempore

406 3723 467 3789 quc
489 3708 643 3772 libertates
659 3705 735 3769 dicte
753 3707 895 3783 ciuitatis,
918 3723 1010 3784 quam
1022 3708 1248 3771 vicecomitatns
1262 3705 1390 3787 predicti
1405 3705 1515 3771 luerim
1536 3709 1568 3771 in
1583 3725 1675 3773 manu
1691 3709 1784 3791 regis,
1805 3709 1837 3772 in
1860 3709 1948 3772 titulo
1963 3711 2052 3792 regis
2072 3719 2103 3773 et
2119 3711 2241 3774 racione

406 3827 493 3890 firme
511 3841 564 3889 sue
582 3826 620 3888 de
637 3825 779 3888 comitatu
797 3823 932 3904 predicto
946 3824 982 3903 ⁴)
1005 3824 1176 3888 babuerunt
1192 3832 1222 3888 et
1237 3827 1395 3906 percipere
1411 3834 1635 3891 consueuerant
1652 3827 1682 3890 in
1699 3825 1846 3890 auxilium
1863 3825 1948 3890 drme
1964 3845 2029 3905 sue,
2051 3827 2090 3892 de
2106 3829 2242 3908 quolibet

406 3952 575 4009 mercatore
593 3949 735 4006 extraneo
757 3941 782 4004 ll
801 3941 943 4008 denarios
965 3958 1022 4022 pro
1038 3927 1174 4022 quolibet
1194 3941 1277 4008 dolio
1300 3945 1360 4006 vini
1382 3941 1490 4008 educto
1512 3951 1542 4008 et
1563 3943 1694 4008 adducto
1716 3944 1829 4008 ciuitati
1850 3943 1889 4008 de
1917 3953 2054 4010 cnstuma
2081 3946 2181 4011 debita
2205 3963 2240 4010 ex

406 4065 546 4143 anduno,
559 4069 588 4124 et
603 4059 641 4124 de
659 4059 793 4138 quolibet
811 4067 979 4124 mercatore
990 4067 1132 4126 extraneo
1150 4078 1207 4142 pru
1222 4061 1358 4142 qualibet
1372 4060 1463 4142 cipba
1479 4061 1554 4126 salis
1571 4063 1678 4127 educta
1695 4071 1725 4126 et
1742 4059 1871 4128 addttcta
1882 4063 1997 4128 ciuitati
2008 4063 2033 4125 ll
2051 4065 2090 4128 de
2103 4073 2240 4130 crustum

405 4182 506 4247 debita
523 4197 562 4244 ex
576 4180 713 4257 antiquo.
745 4177 783 4242 Et
800 4177 903 4242 dieunt
917 4195 975 4258 pro
994 4194 1030 4244 co
1047 4179 1128 4259 quod
1147 4179 1218 4244 dicti
1234 4189 1419 4246 mercatores
1437 4188 1506 4244 sunt
1527 4182 1662 4245 extranei
1678 4187 1861 4246 mercatores
1883 4187 1913 4246 et
1932 4198 1989 4263 per
2005 4181 2144 4248 diuersas
2162 4186 2241 4248 dces

405 4301 574 4366 eduxerunt
595 4297 716 4362 diuersa
738 4295 820 4360 dolia
844 4299 904 4360 vini
925 4306 954 4362 et
981 4297 1086 4378 ciphos
1108 4299 1183 4362 salis
1204 4307 1290 4362 extra
1313 4300 1466 4364 ciuitatem
1488 4298 1654 4379 predictam
1676 4298 1714 4363 ad
1737 4299 1950 4376 vendendum,
1972 4303 2030 4381 ipsi
2052 4303 2242 4368 vicecomites

404 4421 562 4502 exigerunt
583 4417 622 4482 de
644 4417 719 4496 ipsis
741 4423 895 4481 custumes
916 4415 1068 4496 predictas
1089 4424 1233 4497 uuquam
1263 4418 1328 4500 regi
1350 4418 1551 4496 pertinentes,
1582 4425 1612 4481 et
1632 4419 1707 4500 ipsis
1730 4419 1837 4482 virtute
1859 4419 2082 4484 vicecomitatus
2104 4419 2241 4498 predicti,

404 4540 527 4604 racione
548 4535 640 4602 officii
662 4538 718 4613 sui,
741 4537 770 4598 in
793 4534 940 4600 auxilinm
963 4535 1058 4614 llrme,
1081 4551 1120 4598 ex
1141 4536 1264 4614 antiquo
1286 4535 1414 4612 debitas,
1436 4543 1466 4598 et
1487 4533 1524 4600 de
1545 4551 1626 4600 nouo
1648 4552 1740 4615 super
1761 4538 1845 4617 ipsos
1865 4545 2051 4601 mercatores
2073 4553 2133 4602 non
2155 4539 2241 4618 inpo-

405 4658 490 4734 sitas,
512 4663 603 4734 prout
624 4653 715 4718 iidem
738 4661 920 4718 mercatores
942 4653 1083 4736 superius
1105 4653 1324 4735 allegauerunt,
1340 4660 1404 4742 etc.
1449 4651 1486 4717 Et
1507 4670 1584 4733 quas
1614 4653 1735 4733 quidem
1756 4662 1911 4720 costumas
1932 4670 2038 4720 omnes
2059 4663 2242 4722 mercatores

404 4773 443 4837 de
464 4773 559 4838 hansa
581 4779 612 4836 et
632 4771 724 4836 domo
745 4770 881 4850 predicta
912 4769 992 4835 inira
1015 4769 1140 4835 London
1163 4771 1341 4848 existentes,
1372 4772 1598 4836 vicecomitibus
1618 4770 1759 4850 Londom
1790 4774 1842 4852 qui
1870 4789 1928 4854 pro
1951 4780 2087 4853 ternpore
2109 4773 2241 4853 luerunt,

562 5091 585 5156 ¹)
614 5093 709 5158 cupae,
728 5101 807 5148 suase
823 5094 934 5158 etpbus,
952 5095 1085 5158 scyphus,
1103 5094 1218 5162 licebat,
1237 5094 1337 5146 Maras.
1494 5096 1520 5161 ²)
1546 5097 1629 5162 nuc,
1647 5097 1757 5150 Karrea.
1792 5096 1870 5149 slebe
1891 5096 2066 5150 Urlnudllcbe
2084 5096 2242 5148 Gaacblclrte

403 5182 450 5232 der
467 5177 613 5231 &cuchen
631 5177 732 5231 Hense.
750 5179 843 5232 Tbll.
861 5175 945 5232 §.800
1102 5178 1128 5244 ι)
1156 5177 1308 5243 onerantur
1325 5191 1429 5232 versos.
1465 5181 1523 5236 uis.
1541 5182 1637 5234 Homb.
1795 5179 1821 5245 ⁴)
1848 5181 1887 5234 lie
1905 5182 2097 5234 communitate
2115 5181 2241 5245 predicta.

402 5265 460 5319 MS.
480 5265 563 5329 Mop-
