4998 6256
1008 601 1118 700 narr,
1143 607 1261 678 unm
1286 603 1344 676 rc
2042 607 2098 690 te

261 896 446 978 principales
468 893 619 961 debitores
640 907 701 957 nou
723 892 892 967 extiterint,
919 901 974 954 noc
995 905 1053 971 pro
1075 891 1178 972 aliqua
1200 893 1442 974 musgrassioue
1463 887 1544 954 iacta
1564 905 1619 956 seu
1641 888 1779 954 lacimna
1794 907 1858 972 ‘per
1878 891 1972 971 elios,
2004 907 2098 972 quam

260 1033 318 1096 per
337 1019 440 1096 ipsos,
469 1031 530 1078 nou
552 1019 722 1078 arestentur
743 1023 797 1074 seu
818 1017 1000 1091 grauatum
1028 1018 1059 1074 et
1085 1010 1166 1090 quod
1189 1009 1269 1075 idem
1297 1027 1352 1073 rer
1373 1010 1421 1073 rel
1448 1008 1576 1074 bmedes
1604 1010 1651 1073 sui
1681 1026 1774 1088 super
1799 1011 1884 1091 ipsos
1911 1019 1964 1075 aut
1992 1027 2097 1075 eorum

204 1121 212 1140 '
259 1135 340 1202 bona
361 1133 410 1198 rel
431 1133 630 1198 acrimonia
649 1137 819 1196 munnam
840 1143 951 1194 noram
972 1128 1138 1194 indebitam
1165 1143 1225 1194 uon
1254 1137 1417 1210 ponerent,
1450 1128 1543 1194 ratris
1570 1128 1669 1194 eidem
1697 1132 1762 1212 regi
1791 1137 1822 1193 et
1846 1127 2008 1195 bereiibus
2034 1133 2099 1195 suis

260 1256 394 1334 munis
414 1255 508 1331 prisia
531 1253 594 1314 ants
600 1268 612 1328 3
644 1257 674 1313 et
695 1248 777 1328 quoi
798 1250 858 1328 ipat
879 1264 936 1331 par
955 1257 1054 1312 toturn
1074 1263 1208 1332 regnum·
1226 1265 1315 1314 suum
1336 1248 1375 1312 (te
1396 1249 1484 1314 bonis
1506 1257 1536 1312 et
1557 1251 1762 1313 mercimoniis
1789 1251 1854 1314 suis
1881 1249 2098 1334 remaglo,

260 1375 392 1454 paragio
413 1379 442 1435 et
463 1373 604 1453 nmagio
627 1372 850 1450 imperpetuum
867 1370 934 1432 aiut
954 1369 1060 1448 umeti.
1906 1397 1909 1406 .

415 1489 451 1552 Et
471 1487 632 1568 proiciunt
652 1495 768 1552 cartam
790 1489 887 1566 ipatus
908 1486 1023 1550 domiui
1045 1489 1129 1570 regis
1149 1503 1248 1564 nunc,
1287 1503 1348 1566 que
1367 1485 1521 1566 predium
1548 1490 1760 1552 concessiones
1789 1495 1918 1553 testatm
1942 1491 1974 1551 tn
2000 1486 2101 1553 forma

261 1609 417 1690 predictn3
440 1612 483 1672 ita
502 1615 621 1684 mun,
649 1605 907 1686 occidionem,
941 1609 997 1685 qui
1015 1605 1053 1670 de
1074 1604 1160 1690 grtia
1182 1609 1320 1687 ipsmum
1341 1605 1411 1670 aule
1432 1605 1571 1687 praticae
1589 1621 1649 1669 non
1671 1609 1819 1684 ertitmit,
1857 1624 1913 1670 uec
1933 1609 1999 1672 eius
2021 1607 2101 1670 bone

262 1745 316 1794 seu
337 1730 533 1792 mercimonia
554 1725 595 1790 ile
613 1725 699 1807 mida
718 1739 775 1790 stra
796 1741 863 1790 csse
883 1724 1031 1790 aironeut
1052 1725 1115 1788 nilo
1137 1725 1241 1790 modo.
1284 1725 1321 1788 Et
1342 1741 1436 1806 super
1456 1724 1515 1788 biis
1536 1731 1720 1789 morealmes
1742 1725 1856 1803 limat,
1880 1723 1961 1809 quot
1983 1728 2042 1805 ipsi
2065 1724 2102 1787 ti-

265 1849 398 1912 bertates
419 1846 588 1926 predictas,
618 1851 776 1909 contutas
797 1846 829 1908 in
851 1851 935 1908 carta
956 1843 1075 1908 turini
1094 1843 1217 1908 ilenrici
1239 1847 1320 1927 regia
1342 1861 1398 1926 per
1420 1845 1510 1909 verba
1536 1844 1709 1928 generalia,
1742 1826 1876 1909 clamant
1896 1861 1954 1924 per
1973 1843 2102 1908 eandem

263 1975 381 2031 cartam
402 1973 431 2028 et
453 1971 569 2030 cartam
590 1963 838 2028 muurmaciouia
858 1963 973 2028 domini
996 1966 1078 2047 ragis
1100 1977 1192 2028 minc.
1208 1963 1242 2042 ¹]

415 2083 453 2148 Et
474 2083 513 2148 ati
533 2083 778 2148 decbmciouem
798 2083 973 2148 libertatum
995 2082 1117 2148 illarum
1140 2083 1253 2161 dicum,
1275 2083 1358 2163 quod
1380 2086 1440 2162 ipsi
1459 2083 1594 2146 cumani
1614 2083 1728 2166 eligere
1749 2083 1786 2146 tle
1807 2085 1952 2148 eminete
1971 2097 2027 2148 sua
2045 2082 2104 2147 ribi

262 2204 512 2280 llimmannnm,
533 2211 566 2266 et
585 2206 687 2284 ipsum
709 2205 753 2266 sic
775 2201 905 2266 meeum
926 2209 1104 2280 prmetrtme
1124 2201 1286 2266 biaioriet
1306 2201 1522 2266 Aidmmaanis
1544 2201 1804 2280 bouuonmriuua,
1827 2205 1879 2282 qui
1902 2217 2005 2266 coram
2027 2203 2105 2280 ipsis

262 2323 377 2388 blaicre
405 2329 435 2386 et
456 2322 669 2388 lidremauuis
689 2321 940 2386 bontionemibna
965 2329 1188 2386 sacramentam
1210 2319 1302 2385 iaciat
1322 2320 1362 2385 ao
1384 2318 1555 2385 iacientium
1577 2329 1692 2386 mum
1722 2329 1751 2384 et
1778 2323 1930 2386 insumam
1955 2323 2105 2385 mirensis

264 2450 292 2506 et
315 2441 446 2526 siugulis
468 2441 642 2505 hominibus
664 2440 703 2503 tie
723 2439 819 2504 banse
841 2442 996 2504 societatis
1017 2439 1224 2519 predictorum
1248 2423 1458 2504 mercatorum
1473 2441 1512 2503 tle
1534 2437 1724 2504 alemannia.
1769 2437 1830 2520 Qui
1853 2439 1974 2519 quidem
1997 2437 2104 2502 Alatre-

236 2577 393 2628 ·maunus
415 2559 493 2624 dicte
515 2561 668 2624 societatis
689 2563 806 2642 curiam
828 2574 916 2624 suam
938 2559 1052 2624 tenebit
1071 2562 1106 2624 in
1125 2559 1235 2637 duma,
1270 2576 1328 2640 que
1342 2565 1477 2626 meatur
1499 2555 1589 2624 Gilda
1611 2556 1693 2626 buu
1714 2557 2053 2640 bidmmanmrnnrfl)
2073 2560 2104 2622 ia

263 2681 381 2744 ciuitate
402 2678 556 2760 predicta,
586 2679 624 2742 de
653 2678 794 2741 omuibus
815 2678 936 2756 placitis
958 2677 1205 2756 monendomum,
1228 2677 1398 2742 debitorum
1420 2686 1450 2741 et
1472 2686 1696 2758 contractuum,
1724 2693 1782 2758 que
1809 2679 1922 2742 moveri
1946 2679 2107 2760 contigerit

263 2801 343 2862 inter
359 2804 544 2861 mercatores
560 2796 598 2859 tle
611 2795 709 2860 banse
726 2793 874 2874 predicta.
918 2793 956 2859 Et
976 2796 1003 2859 si
1019 2797 1087 2876 quis
1108 2767 1148 2859 ile
1165 2789 1271 2859 callem
1294 2793 1392 2860 banse
1412 2814 1469 2875 per
1484 2784 1622 2877 'aliquem
1644 2795 1850 2874 implacitatur
1870 2810 1974 2860 coram
1992 2795 2106 2858 Maiore

263 2933 317 2982 seu
338 2916 574 2982 vicecomttbus
595 2913 846 2980 bontionensibua
866 2915 905 2980 tle
926 2914 1031 2995 el'apro
1051 2913 1166 2994 placito
1188 2916 1410 2992 contencionis,
1432 2913 1526 2979 debiti
1548 2893 1604 2979 sen
1624 2923 1798 2979 contractus
1820 2916 2001 2995 personans,
2024 2913 2106 2993 quod

263 3037 343 3101 idem
359 3033 582 3099 Aldremaunus
604 3033 642 3098 oe
657 3035 801 3100 societate
821 3034 960 3114 predicta
973 3039 1061 3116 petet
1075 3034 1148 3099 inde
1159 3035 1274 3099 mam
1296 3051 1396 3112 nm,
1418 3043 1447 3098 et
1463 3051 1499 3099 ea
1521 3033 1678 3116 optmebit,
1701 3043 1731 3098 et
1752 3031 1824 3098 inde
1844 3031 1936 3098 mmet
1956 3033 2107 3098 iusticiam

264 3157 295 3218 iu
317 3154 388 3218 aula
409 3153 647 3220 alemannorum
668 3154 819 3233 proiicit

417 3273 455 3336 Et
476 3261 581 3351 buon,
608 3274 885 3354 quomeueettmtpue
912 3273 1024 3353 aliquis
1051 3273 1089 3337 de
1116 3273 1214 3338 banaa
1241 3274 1380 3354 predicta
1408 3273 1618 3353 cinnanum
1646 3234 1693 3336 uel
1723 3275 1919 3338 mercimonia
1947 3273 1985 3336 tie
2013 3289 2108 3355 reguo

264 3391 443 3456 blenaurne
464 3409 520 3472 per
539 3407 654 3471 aquam
674 3392 723 3454 rel
742 3399 856 3456 teram
877 3393 910 3456 iu
927 3393 1077 3455 orimum
1099 3391 1267 3471 predictam
1284 3392 1406 3456 bumrit
1422 3409 1475 3456 seu
1496 3391 1710 3471 asportaverit,
1733 3395 1853 3470 unnim
1873 3407 1941 3456 esse
1961 3391 2050 3455 debet
2070 3390 2109 3454 de

266 3517 405 3576 nnuma
427 3511 528 3576 danda
550 3525 607 3591 pro
629 3509 742 3573 malem
769 3509 858 3573 bouis
879 3513 911 3572 ia
939 3513 1041 3589 priam
1061 3513 1233 3588 empcione,
1262 3509 1480 3589 dalmacium
1501 3517 1531 3573 et
1553 3510 1739 3574 adnuncione
1761 3509 1935 3574 huiusmodi
1956 3525 2058 3573 remim
2079 3519 2109 3573 et

266 3629 447 3694 cantiorum
469 3634 502 3694 in
521 3632 674 3694 eitimam
696 3627 875 3710 medinam
914 3627 954 3691 Et
970 3641 1042 3701 cem
1065 3627 1259 3693 vendiciones
1277 3628 1318 3692 (le
1335 3629 1429 3694 rebus
1448 3632 1513 3692 suis
1529 3627 1704 3694 buinsmarli
1724 3629 1862 3708 iecerint
1885 3645 1938 3694 seu
1961 3631 2010 3694 re's
2032 3629 2110 3694 alias

267 3759 320 3814 aut
342 3753 539 3814 mercimonia
569 3752 601 3812 iu
623 3751 743 3812 cucata
768 3721 906 3829 predicta
928 3748 967 3812 ab
989 3746 1059 3812 aliis
1086 3750 1215 3811 emerint
1243 3756 1273 3811 et
1294 3747 1410 3812 debitas
1438 3757 1592 3813 custumes
1614 3747 1684 3812 iace
1706 3748 1860 3826 soluerint,
1884 3749 1973 3813 liceat
1994 3752 2039 3812 eis
2061 3765 2110 3813 res

228 3865 232 3875 '
267 3869 336 3934 illas
358 3878 388 3932 et
409 3867 583 3932 huiusmodi
604 3871 801 3931 mercimonia
825 3867 935 3932 ducere
957 3883 1018 3947 quo
1041 3867 1206 3945 volueriut;
1236 3865 1308 3931 dum
1331 3875 1430 3932 tamam
1454 3884 1488 3930 ea
1512 3867 1706 3931 conducant
1728 3870 1858 3932 inimicis
1880 3867 1996 3932 domini
2019 3873 2109 3951 regis,

266 4005 322 4051 nac
343 4005 379 4051 ea
401 3985 576 4054 huiusmodi
597 3989 733 4084 inimicis*
749 3986 866 4069 donnini
887 3990 971 4081 regis
994 3986 1162 4052 condicioni
1185 3993 1347 4066 exponant.
1363 3986 1399 4064 ³)
1442 3985 1481 4050 Et
1502 3987 1623 4066 dicunt¹
1644 3985 1729 4066 quot
1749 3991 1807 4066 ipsi
1829 3995 1860 4078 et
1881 3987 1933 4054 aiii
1956 3987 2110 4067 quondam

268 4115 451 4170 mercatores
478 4106 516 4168 tle
544 4108 686 4169 societate
707 4105 843 4186 predicta
866 4107 980 4170 eisdem
995 4092 1193 4199 'libertatibus
1222 4077 1409 4202 temporibus
1430 4105 1638 4188 predictorum
1660 4107 1852 4171 dominorum
1874 4106 1996 4172 ilenrici
2018 4111 2110 4189 regis,

268 4229 327 4303 ari,
350 4231 379 4287 et
394 4223 539 4290 Edwardi
561 4227 654 4306 regis,
675 4224 903 4304 patrisdomiui
922 4228 1108 4308 regianum,
1131 4232 1161 4289 et
1177 4227 1268 4289 etiam
1291 4204 1478 4304 temporibus
1499 4223 1615 4289 domini
1630 4230 1713 4308 regis
1735 4243 1815 4290 nuuc
1837 4234 1866 4289 et
1882 4230 2111 4307 progenitorum

268 4359 405 4419 suorum,
427 4339 581 4422 quondam
599 4356 705 4424 reguum
721 4341 840 4426 tingite,
862 4348 910 4408 usi
932 4353 1004 4408 sunt
1025 4357 1043 4407 a
1060 4352 1207 4426 tempore,
1230 4347 1315 4408 enirn
1332 4347 1477 4408 memoria
1495 4359 1556 4408 nou
1572 4347 1684 4409 ernis.
1717 4343 1755 4409 iit
1770 4361 1807 4409 eo
1822 4351 1962 4409 waranto
1979 4343 2112 4408 clamant

267 4466 326 4544 ipat
348 4462 503 4526 libertates
523 4461 676 4543 preffietaa
698 4469 757 4526 etc.

423 4581 459 4645 Et
481 4578 639 4646 Gailridus
662 4580 690 4644 ie
712 4578 825 4662 Scrop,
856 4585 908 4661 qui
930 4585 1071 4660 sequitur
1088 4599 1146 4663 pro
1168 4582 1292 4647 domino
1314 4599 1402 4667 rege,
1430 4583 1517 4661 dicit,
1547 4584 1630 4662 quod
1652 4583 1824 4678 buiusmodi
1847 4581 1989 4664 libertas,
2020 4598 2111 4661 quam

269 4701 342 4766 dicti
368 4709 553 4766 mercatores
580 4699 618 4763 de
640 4698 821 4764 liemanuia
850 4699 888 4762 (le
909 4697 1116 4765 Aidrcmanuo
1144 4701 1182 4766 tle
1210 4705 1354 4766 societate
1383 4719 1439 4766 sua
1465 4701 1602 4782 predicta
1632 4702 1771 4784 eligendo
1799 4709 1828 4764 et
1855 4701 1893 4765 de
1920 4706 1987 4780 ipso
2018 4701 2112 4764 eiecto

270 4821 475 4902 presentanoo
495 4819 605 4886 uuum
627 4831 655 4884 et
677 4817 891 4898 bldpemnnuis
913 4823 1042 4886 ciuitatis
1063 4819 1271 4886 londonensis
1300 4821 1388 4887 etde
1410 4822 1494 4886 cuma
1521 4823 1554 4884 iu
1576 4817 1667 4886 Gilda
1689 4819 1768 4887 arua
1797 4838 1854 4887 sua
1875 4821 2112 4884 clomannorum

270 5006 574 5022 ,,.,,-...-.

429 5141 454 5206 1)
481 5141 541 5194 atta
561 5143 651 5196 biaber
663 5142 849 5208 anineltibrtan
863 5143 962 5195 Recbte
981 5143 1041 5194 sinu
1060 5145 1086 5194 iu
1107 5142 1167 5194 dam
1183 5145 1328 5207 gedacbten
1341 5139 1477 5207 l’rlriteptc
1496 5149 1556 5196 roni
1569 5123 1651 5196 labra
1666 5133 1730 5196 lbi?
1748 5138 1892 5198 euttlriten.
1997 5145 2023 5208 ²)
2051 5145 2115 5196 Hier

273 5225 399 5278 salitam
418 5226 542 5278 babtnc
569 5226 792 5292 umanum,
811 5229 859 5280 rrte
879 5229 944 5280 aecb
964 5229 1056 5290 rptlter
1071 5229 1169 5292 mett*
1182 5227 1353 5292 nesciritben
1372 5227 1418 5280 itt.
1575 5225 1602 5294 ³)
1616 5223 1657 5278 l.
1674 5226 1725 5279 lte
1741 5226 1910 5291 mugram
1930 5228 1977 5280 ties
1995 5229 2114 5292 Kbutnes

272 5309 694 5366 Eueni-ruminarem&
929 5341 933 5350 .
973 5344 976 5352 ,
1024 5344 1026 5356 .
1629 5339 1651 5348 ,.
1750 5319 1754 5345 z
1806 5307 1819 5346 .’

1896 5447 1932 5500 3.
