4866 6264
417 589 505 673 208
1169 587 1382 688 musapn
1407 589 1468 664 us.

568 875 676 943 Mittite
697 879 785 944 uubis
806 877 937 944 solmam
958 875 996 942 de
1016 879 1152 958 pecunia,
1174 893 1233 961 qne
1256 895 1398 946 concessu
1419 877 1477 944 init
1497 876 1536 944 ad
1557 875 1678 956 libram,
1700 885 1730 942 et
1749 875 1887 942 ordinate
1908 876 1946 942 de
1967 883 2064 942 scotto
2085 884 2187 941 restro
2206 817 2241 940 ut

419 993 499 1058 inlus
519 993 575 1059 XV
601 995 667 1062 dies
694 995 842 1061 habeatis.
883 997 1036 1064 lohannes
1056 996 1152 1062 Albus
1168 997 1202 1076 ι)
1233 997 1305 1062 iecit
1329 1007 1458 1063 scottum
1487 1013 1575 1064 suum
1598 1006 1626 1062 et
1647 996 1737 1076 dieit,
1767 997 1847 1076 quod
1873 997 1953 1076 pixis
1966 995 2004 1076 ⁹)
2027 1002 2162 1061 teneatur
2181 997 2240 1060 silui

417 1116 450 1178 in
471 1111 549 1177 llllll
571 1113 657 1208 libris
678 1114 716 1178 tle
737 1131 818 1193 cera,
846 1132 904 1196 que
925 1116 994 1180 data
1015 1115 1072 1180 tuit
1093 1134 1190 1198 nuper
1213 1134 1271 1196 pro
1291 1117 1433 1182 dilatione
1454 1118 1675 1182 arrestamenti.
1709 1115 1874 1197 Rogamus,
1896 1123 1929 1179 ut
1950 1116 2038 1180 nubis
2058 1115 2239 1192 rescribatis,

417 1234 805 1310 mmmmmm

589 1491 665 1574 tv.
709 1492 832 1600 Ktiscip
860 1493 1045 1576 Heiruick
1080 1476 1139 1575 Vl.
1172 1489 1421 1600 Scluctsbn'c'f
1440 1496 1511 1600 feto.
1528 1498 1602 1576 'elle
1630 1493 1793 1576 Haesere
1820 1521 1868 1575 su
1898 1493 2058 1576 Booloro.

1148 1647 1266 1749 1423,
1298 1646 1411 1769 spru
1436 1649 1504 1730 23.

569 1828 732 1906 stanneus,
771 1827 826 1892 liei
857 1831 961 1914 gracia
994 1847 1047 1894 rex
1080 1830 1189 1914 Anglie
1221 1840 1250 1895 et
1282 1831 1408 1896 Francie
1440 1840 1470 1896 et
1501 1832 1641 1895 dominus
1673 1830 1828 1907 Hiberoie,
1868 1834 2018 1894 uniuersis
2050 1837 2079 1892 et
2112 1829 2242 1913 singulis

418 1948 604 2025 iusticiariis,
636 1949 877 2027 vicecomitibus,
909 1950 1090 2029 maioribus,
1125 1951 1374 2028 constabulariis,
1408 1949 1546 2028 balliuis,
1580 1951 1725 2014 ministris
1753 1959 1784 2014 et
1815 1948 1884 2014 aliis
1911 1949 2051 2014 fidelibus
2083 1952 2146 2013 suis
2177 1957 2241 2036 tam

418 2065 496 2130 intra
525 2066 696 2146 libertates,
729 2083 820 2149 marn
848 2076 950 2145 extra,
983 2067 1021 2132 atl
1049 2083 1126 2149 quos
1147 2077 1303 2148 presentes
1335 2069 1433 2134 littere
1464 2073 1673 2151 perueneriut,
1706 2068 1846 2134 salutum.
1902 2065 2026 2146 Sciatis,
2059 2066 2141 2146 unod
2171 2083 2241 2132 cum

416 2193 478 2250 tan
517 2201 622 2251 omnes
660 2197 852 2254 mercatores
890 2183 929 2254 de
961 2185 1110 2254 socictate
1150 2185 1189 2254 cle
1222 2185 1341 2254 Hoocu
1372 2185 1538 2254 Alcusurts'e
1575 2186 1610 2253 ire
1642 2185 1726 2254 cillo
1759 2184 1798 2254 tle
1831 2198 1942 2253 sancto
1976 2183 2136 2268 Botlrulso
2175 2184 2241 2251 imo

417 2305 610 2388 eoisteutes,
647 2323 738 2386 uuam
767 2306 821 2370 alii
849 2305 887 2369 sle
916 2308 1057 2371 societate
1083 2307 1235 2387 predicta,
1269 2309 1299 2370 in
1325 2323 1452 2390 regnum
1480 2314 1618 2372 nostrum
1645 2305 1752 2389 Anglie
1784 2308 1886 2370 venire
1913 2306 2061 2384 volentes,
2095 2312 2239 2382 metuant,

416 2433 477 2488 mm
514 2426 587 2504 albi,
631 2441 722 2505 mum
758 2425 944 2503 marinariis,
988 2425 1158 2491 hominibus
1197 2435 1225 2490 et
1264 2427 1462 2490 seruientibus
1500 2421 1564 2491 suis
1604 2425 1768 2507 dampnum
1806 2426 1844 2491 cle
1882 2425 2062 2506 corporibus
2098 2427 2162 2490 suis
2201 2439 2240 2488 au

416 2546 563 2608 iacturam
591 2544 630 2608 ue
658 2545 805 2626 nauibusf,
839 2544 944 2621 honis,
977 2543 1174 2608 mercandisis
1203 2553 1232 2608 et
1259 2544 1349 2609 rebus
1376 2546 1439 2609 suis
1466 2561 1523 2627 per
1548 2545 1696 2624 quostiam
1726 2544 1941 2610 emulossuos
1968 2554 2129 2609 eteorum
2157 2559 2240 2608 com-

416 2663 569 2742 plices1et
594 2653 730 2728 lautores
752 2663 789 2727 tle
817 2661 899 2726 lucili
926 2677 1017 2745 posse
1045 2663 1181 2727 euenire:
1218 2663 1281 2728 Nos
1307 2664 1440 2728 volentes
1465 2665 1620 2729 securitati
1647 2665 1783 2746 ipsorum
1812 2673 2014 2728 mercatorum
2043 2681 2079 2728 ac
2108 2665 2240 2728 marina·

417 2782 548 2860 riorum,
580 2779 736 2846 hominurn
765 2790 795 2845 et
817 2783 998 2846 sentientnm
1020 2798 1144 2847 suorum
1165 2781 1370 2861 predictorum
1396 2783 1427 2846 in
1449 2781 1506 2847 hac
1527 2791 1614 2865 parte
1635 2783 1814 2865 prouidere,
1848 2790 1877 2846 et
1903 2784 1985 2863 ipsos
2006 2782 2045 2847 ab
2066 2781 2239 2846 huiusmodi

417 2900 536 2964 demnis
567 2908 597 2964 et
628 2900 765 2978 iacturis',
797 2901 830 2963 in
861 2908 1007 2980 quantum
1038 2915 1215 2982 possumus,
1248 2917 1446 2980 preseruare,
1478 2903 1660 2984 suscipimus
1693 2909 1754 2966 tam
1782 2904 1865 2982 ipsos
1899 2909 2081 2966 mercatores
2114 2903 2175 2965 iam
2206 2902 2239 2963 in

419 3035 513 3103 regno
539 3027 643 3083 nostro
668 3017 805 3098 predicto
833 3020 1008 3096 existentes,
1045 3035 1136 3100 quam
1170 3036 1274 3084 omnes
1308 3005 1385 3085 ali'os
1417 3029 1601 3086 mercatores
1632 3021 1671 3086 de
1706 3021 1849 3085 societate
1882 3020 2016 3100 predicta
2048 3021 2079 3083 in
2113 3035 2239 3103 regnum

422 3145 559 3202 nostrum
593 3138 762 3216 predictum
794 3139 895 3202 venire
927 3137 1076 3215 uolentes,
1114 3147 1144 3206 et
1180 3155 1285 3203 eorum
1317 3139 1496 3221 quemlibet,
1536 3156 1573 3203 ao
1604 3140 1803 3218 marinarios,
1843 3138 1981 3204 homines
2012 3145 2042 3202 et
2073 3141 2240 3204 saeuientes

415 3271 487 3322 suos
518 3259 551 3325 in
583 3271 709 3341 regnum
741 3255 908 3339 predictum
942 3255 1104 3334 ueniendo,
1143 3257 1255 3321 ibidem
1287 3257 1452 3335 morando,
1490 3263 1520 3322 et
1550 3257 1657 3322 exintle
1688 3257 1727 3322 acl
1760 3259 1886 3342 propriu
1919 3256 2088 3334 redeundo,
2121 3273 2239 3322 necnon

415 3391 524 3453 naues,
557 3375 655 3454 bona,
687 3375 891 3440 mercandisas
920 3382 949 3438 et
974 3391 1023 3439 res
1053 3391 1123 3440 suas
1144 3391 1348 3456 quascumque
1376 3377 1407 3439 in
1434 3377 1665 3458 protectionem,
1693 3379 1867 3455 tuitionem,
1896 3377 2013 3440 saluam
2042 3376 2180 3459 gantiam
2209 3385 2241 3440 et
2328 3399 2338 3424 ι
2409 3345 2410 3364 ¹

416 3493 618 3559 detonsionem
650 3501 768 3559 nostras
800 3493 957 3575 speciales.
1012 3492 1050 3556 lit
1082 3495 1149 3558 ideo
1181 3495 1265 3560 robis
1304 3504 1334 3559 et
1366 3495 1488 3560 cuilibet
1518 3504 1650 3560 restrum
1683 3495 1877 3573 mandamus,
1921 3493 2004 3575 quod
2043 3497 2127 3576 ipsos
2159 3511 2239 3558 mer·

274 3705 280 3712 .
415 3621 533 3678 catores
565 3629 601 3677 ac
633 3615 814 3678 marinarios
843 3612 979 3678 homines
1011 3621 1040 3676 et
1073 3615 1238 3678 seruientes
1268 3629 1340 3679 suos
1371 3622 1401 3677 et
1431 3628 1536 3679 eorum
1569 3613 1742 3693 quemlibet,
1775 3617 1807 3678 in
1840 3629 1966 3696 regnum
2000 3621 2136 3678 nostrum
2169 3631 2236 3695 pre·

416 3731 529 3796 dictum
551 3731 713 3811 ueniendo,
746 3731 857 3796 ibidem
887 3730 1048 3808 morando,
1081 3740 1110 3794 et
1135 3730 1243 3802 exinde
1269 3731 1308 3796 acl
1336 3734 1462 3815 propria
1490 3731 1662 3811 redeundo,
1695 3749 1809 3797 necnon
1832 3749 1941 3811 naues,
1974 3734 2069 3807 bona,
2100 3748 2235 3796 mercan-

416 3848 497 3913 disas
523 3859 553 3914 et
578 3867 626 3915 res
652 3866 724 3916 suas
749 3866 954 3932 quascumque
981 3853 1214 3929 manuteneatis,
1247 3853 1413 3935 protegatis
1439 3859 1469 3915 et
1494 3850 1679 3931 defendatis,
1711 3868 1773 3916 non
1802 3850 1965 3916 inferentes
1993 3853 2036 3916 eis
2064 3851 2109 3916 vel
2132 3867 2238 3916 eorum

417 3966 523 4045 alicui,
561 3985 630 4045 seu,
669 3976 813 4049 qnantum
839 3971 871 4033 in
897 3970 983 4035 voltis
1013 3978 1073 4047 est,
1114 3970 1154 4034 ab
1182 3969 1251 4034 aliis
1276 3969 1381 4035 interni
1407 3973 1613 4052 permittentes
1645 3973 1803 4050 iniuriam,
1841 3970 2026 4049 molestiam,
2061 3968 2235 4052 dampnum,

415 4086 606 4167 violenciam,
639 4087 883 4170 impedimentum
910 4087 1032 4167 aliquod
1065 4105 1118 4152 seu
1146 4105 1322 4170 grauamen.
1364 4089 1402 4153 Et
1430 4091 1457 4154 si
1485 4089 1556 4170 qnid
1586 4090 1629 4152 eis
1650 4097 1680 4152 et
1701 4105 1806 4153 eorum
1834 4090 1925 4155 alicui
1953 4089 2028 4156 toris
2056 4089 2168 4155 lactum
2189 4089 2235 4152 rel

415 4207 587 4272 iniuriatum
614 4205 718 4286 merit,
747 4205 778 4271 id
805 4209 848 4270 eis
876 4216 905 4273 et
932 4223 1037 4272 eorum
1063 4207 1185 4274 ouililmt
1213 4210 1277 4273 sine
1297 4207 1446 4273 dilacione
1476 4209 1589 4288 corrigi
1610 4194 1727 4272 faciatis
1754 4215 1783 4271 et
1808 4207 1907 4274 debite
1934 4207 2104 4273 reformari.
2157 4207 2236 4272 llum

416 4332 515 4389 tannen
547 4325 638 4390 iidem
669 4335 868 4404 mercatores,
905 4326 1078 4404 marinarii,
1121 4326 1276 4403 nomines,
1307 4333 1338 4389 et
1370 4325 1537 4390 seruientes
1569 4327 1616 4390 sui
1648 4323 1775 4406 predicti
1807 4327 1907 4407 aliqua
1931 4329 2028 4412 ,nonu
2060 4345 2114 4394 seu
2142 4343 2239 4411 reguo

414 4451 519 4510 uostro
540 4443 650 4530 Anglie
676 4443 884 4527 preludicialia
911 4460 971 4508 non
991 4444 1123 4524 iaciant,
1156 4461 1211 4508 nec
1237 4444 1337 4508 iacere
1366 4443 1412 4507 uel
1435 4451 1613 4526 attemptare
1632 4452 1808 4525 presumunt
1829 4445 2040 4524 quouismodo.
2094 4446 2129 4511 ln
2149 4446 2234 4512 cuius

416 4566 460 4626 rel
488 4565 690 4628 testimoninm
718 4563 775 4630 luas
799 4562 914 4630 litteras
946 4571 1065 4630 nostras
1091 4563 1156 4628 lieri
1183 4561 1309 4627 lecimus
1337 4569 1473 4643 patentes
1502 4575 1558 4646 per
1585 4579 1675 4628 sunm
1703 4577 1816 4628 aunum
1849 4561 2021 4626 duraturas.
2075 4561 2162 4627 'leste
2185 4577 2234 4624 me

414 4679 498 4764 ipsol,
530 4682 612 4763 apuu
632 4680 953 4762 Westmonasterium,
981 4681 1091 4750 xxtlle
1115 4683 1164 4748 die
1186 4681 1315 4761 Aprilis,
1348 4697 1428 4747 anno
1450 4683 1535 4766 regni
1556 4685 1652 4748 nostri
1677 4686 1788 4764 primu.

1862 4799 2030 4882 Thoralltp.
2109 4833 2112 4836 ·

413 4935 713 4950 ffl—-u-—n

572 5122 596 5186 ¹)
623 5121 670 5174 llio
696 5122 830 5177 liiueclor
852 5124 967 5190 platones
992 5126 1108 5180 Numans
1132 5128 1203 5181 rrsrd
1229 5123 1295 5180 ltuu
1318 5127 1382 5181 oder
1405 5127 1468 5188 insa
1492 5124 1585 5200 sorngr
1609 5137 1643 5176 au
1665 5123 1766 5176 nestun
1791 5123 1840 5174 mlt
1861 5123 1993 5188 assentap
2017 5083 2111 5190 uelspt.
2155 5124 2235 5178 siclae

416 5205 590 5344 grissdllctrs
608 5205 762 5260 (iesehleltte
779 5209 827 5262 dar
845 5209 990 5264 deutschen
1008 5211 1108 5264 flanss.
1126 5211 1175 5264 Ti.
1186 5211 1220 5264 11.
1239 5211 1266 5264 s.
1279 5207 1339 5265 ³87.
1596 5209 1623 5276 ²)
1648 5209 1733 5272 Pisto
1751 5206 1865 5273 Biicltsc,
1884 5207 1974 5262 caeso
2019 5208 2098 5265 slsis
2115 5208 2236 5262 casellas
