4914 6254
383 573 440 656 58
497 509 501 516 1
914 613 917 624 ·
1106 565 1216 661 1436,
1242 567 1425 642 November
1444 567 1506 640 21.

386 856 538 940 magniflui
555 857 621 933 riri,
640 856 778 938 magistri
790 852 896 918 Prusia
914 853 1076 936 generalis,
1090 871 1126 928 ac
1142 852 1367 920 honorabilium
1385 858 1530 932 virorum,
1548 858 1752 940 communium
1769 856 1921 920 ciuitatum
1936 853 2037 919 ilause
2056 854 2225 918 nemesius

385 984 538 1054 oratores,
571 973 684 1039 dudum
704 976 739 1036 iu
760 972 854 1052 opido
876 971 1060 1057 bruggensi,
1094 989 1151 1053 pro
1174 983 1277 1038 mutue
1299 976 1400 1055 pacis,
1434 973 1605 1040 dilectionis
1628 981 1658 1036 et
1678 975 1815 1038 amicicie
1837 977 1916 1038 inter
1942 989 1997 1036 nos
2025 980 2054 1036 el
2083 975 2166 1054 ipsos
2189 989 2224 1036 ac

385 1103 507 1159 nostros
528 1092 666 1158 subditos
688 1091 892 1158 stabilimento
908 1101 1119 1175 congregatos,
1143 1108 1239 1172 usque
1261 1096 1291 1155 iu
1314 1069 1608 1156 terciumdecimum
1630 1092 1708 1157 diem
1722 1087 1858 1156 Ianuarii
1876 1092 1982 1156 ultimo
2005 1094 2064 1156 iam
2087 1093 2224 1170 elapsum

385 1214 655 1296 prorogaoiouem,
687 1221 810 1276 nostras
833 1215 908 1289 ipsis
930 1211 1097 1288 dictorum,
1127 1211 1280 1294 magnifici
1308 1213 1365 1275 riri
1393 1219 1422 1275 et
1450 1213 1582 1276 uirorum
1605 1212 1752 1276 nobilium
1775 1211 2045 1276 ambassiatoribus
2073 1227 2126 1275 seu
2156 1211 2225 1274 aliis

386 1335 522 1412 ipsorum
554 1333 622 1397 loco
649 1331 823 1414 subrogatis
851 1329 962 1393 adtuno
989 1331 1190 1394 residentibus
1218 1331 1248 1392 iu
1278 1329 1359 1396 dicto
1387 1331 1480 1412 opido
1507 1329 1676 1414 Brdggansi
1704 1331 1808 1394 literas
1834 1333 1994 1408 scripsisse
2022 1337 2052 1394 et
2077 1329 2225 1394 direxisse

296 1504 301 1514 .
385 1452 593 1528 meminimus,
621 1453 706 1531 ipsos
727 1448 900 1526 exorando,
928 1452 1086 1526 quatinus,
1117 1456 1230 1512 attento
1259 1449 1340 1528 quod
1369 1451 1553 1514 nostratibus
1580 1450 1650 1514 talis
1679 1449 1840 1513 accedendi
1869 1449 1906 1512 ad
1935 1452 2035 1528 ipsum
2064 1448 2164 1530 locum
2185 1448 2223 1510 de

384 1570 517 1655 Bruggls
538 1568 667 1634 facultas
695 1576 765 1632 tuuc
792 1568 914 1630 minime
941 1569 1057 1645 patuit,
1086 1577 1177 1648 prout
1200 1569 1328 1632 necdum
1350 1578 1446 1648 patet,
1478 1569 1578 1647 qualis
1600 1575 1668 1632 aute
1697 1569 1752 1632 bec
1782 1576 1919 1648 tempora
1946 1566 2060 1630 eisdem
2088 1568 2223 1647 patuisse

387 1689 571 1767 dinoscitur,
604 1687 642 1752 ad
665 1688 835 1751 uberiorem
857 1686 929 1750 dicti
951 1688 1069 1768 negocii
1100 1687 1325 1768 expedicionem
1354 1688 1392 1751 ad
1420 1684 1522 1752 villam
1550 1695 1685 1751 uestram
1708 1686 1827 1752 Calesia
1847 1703 1920 1768 erga
1943 1687 2040 1762 diem,
2076 1694 2223 1765 utsupra

387 1808 507 1886 dicitur,
530 1808 689 1887 prefixum,
711 1810 779 1884 ipsa
801 1805 839 1869 de
862 1821 953 1869 causa
975 1803 1118 1870 accedere
1139 1805 1260 1870 vellent.
1304 1803 1399 1870 Cuius
1420 1809 1466 1870 rei
1487 1825 1540 1886 spe
1562 1814 1592 1870 et
1607 1806 1896 1882 confluencianucti,
1920 1814 2040 1868 nostms
2054 1819 2128 1887 erga
2142 1805 2224 1867 dlem

388 1927 474 1990 illum
497 1926 550 1991 illo
573 1927 795 1990 transmisimus
818 1932 972 2002 oratores;
995 1926 1048 2003 qui
1070 1929 1210 1988 contiuua
1232 1926 1307 1989 citra
1334 1939 1452 1989 moram
1481 1925 1593 1988 ibidem
1620 1931 1778 1989 traxerunt
1806 1934 1835 1987 et
1863 1925 1987 1988 trabunt
2016 1923 2054 1987 de
2083 1926 2225 2003 presenti,

387 2045 547 2110 adrentum
570 2045 834 2120 ambassiatorum,
857 2042 896 2106 de
918 2043 1027 2121 quibus
1047 2042 1209 2122 prefertur,
1232 2043 1355 2108 assidue
1370 2045 1583 2125 prestolantes.
1618 2043 1741 2121 Verum,
1765 2043 1960 2107 honorabiles
1979 2051 2008 2106 et
2025 2043 2139 2124 egregii
2157 2043 2224 2118 riri,

387 2179 456 2228 cum
478 2163 597 2245 pridem
619 2181 638 2226 a
659 2169 827 2226 memorate
849 2165 914 2224 viru
937 2163 1108 2245 magnilica,
1132 2163 1278 2246 magma
1301 2163 1418 2240 Prucie,
1443 2163 1547 2226 literas
1569 2163 1656 2226 nobis
1678 2179 1716 2224 ex
1737 2179 1829 2226 causa
1851 2161 2000 2240 prelibata
2023 2163 2154 2226 directas
2176 2177 2223 2224 re-

388 2284 568 2363 ceperimus,
592 2283 702 2362 quibus
724 2294 781 2344 uos
803 2283 935 2362 rogauit,
958 2289 990 2344 ut
1013 2283 1272 2346 transmissionem
1295 2281 1550 2345 ambassiatorem
1572 2295 1697 2344 suorum
1719 2281 1864 2346 bacteuus
1887 2280 2073 2344 retardatam
2094 2295 2152 2359 pro
2174 2295 2226 2343 ex·

387 2409 491 2466 cusata
514 2402 627 2464 babere
650 2399 794 2476 velimus,
822 2407 944 2462 nostros
965 2407 1104 2463 oratores
1125 2415 1183 2480 pro
1206 2377 1429 2478 complemento
1451 2404 1553 2478 operis
1575 2400 1654 2463 alius
1677 2400 1809 2464 iucboati
1838 2401 1877 2464 ad
1905 2401 2025 2464 dictum·
2042 2399 2167 2478 opidum
2188 2399 2227 2462 de

388 2519 518 2603 Bruggis
541 2523 760 2596 transmissuri,
785 2534 840 2580 uos
862 2517 1106 2595 considerantes,
1139 2518 1221 2597 quod
1243 2518 1364 2601 singula
1394 2521 1425 2582 in
1454 2518 1513 2581 boo
1539 2518 1678 2582 mutabili
1704 2509 1807 2583 seculo
1836 2518 2010 2602 peragenda
2039 2518 2226 2598 temporibus

388 2640 428 2702 ab
450 2639 582 2701 bumana
604 2635 797 2717 providencia
819 2635 964 2713 limitetis,
990 2642 1022 2699 ut
1043 2637 1223 2717 dispositum
1245 2645 1300 2714 est,
1324 2637 1429 2717 perlici
1451 2654 1512 2700 uon
1533 2637 1690 2715 valebunt,
1718 2639 1885 2719 quinimmo
1907 2639 1988 2717 quod
2012 2637 2098 2704 noris
2120 2653 2228 2716 super·

389 2756 577 2821 venientibus
599 2759 748 2839 negociis,
780 2771 856 2817 nova
880 2757 1037 2818 conueniat
1059 2755 1192 2819 remedia
1214 2756 1390 2836 providere,
1414 2765 1529 2820 tautam
1552 2757 1793 2821 retardacionem
1816 2757 2017 2837 equanimiter
2040 2755 2224 2834 reiterantes,

389 2891 443 2940 ros
464 2888 643 2954 precamur,
665 2874 822 2954 quatinus,
846 2877 994 2952 premissa
1019 2875 1210 2938 insecuritate
1232 2883 1406 2939 uestrorum
1428 2875 1467 2939 ad
1490 2875 1593 2938 villam
1616 2876 1654 2940 de
1676 2875 1824 2959 Bruggis,
1847 2885 1881 2938 ut
1901 2883 2041 2960 optatur,
2065 2873 2226 2938 ueniendo-

389 3011 456 3059 rum
480 2994 562 3059 clare
584 3003 613 3059 et
634 2993 796 3076 diligenter
817 2991 1024 3070 considerata,
1058 2993 1157 3056 locum
1180 2995 1280 3075 ipsum
1302 3010 1360 3073 pro
1382 2997 1579 3058 conventione
1600 2993 1774 3059 huiusmodi
1795 2995 1934 3058 habenda
1958 3001 2092 3070 mutare,
2124 3001 2153 3057 et
2175 2999 2227 3056 aut

388 3116 420 3178 in
443 3113 546 3177 villam
568 3122 702 3177 nostram
725 3109 859 3190 Calesie,
883 3113 908 3174 sl
931 3112 1016 3176 robis
1038 3120 1188 3192 oportuna
1211 3113 1365 3190 videatur,
1389 3115 1493 3177 autin
1517 3129 1643 3196 reguum
1668 3117 1805 3177 nostrum
1828 3114 1936 3196 Anglie
1958 3114 1998 3177 ob
2020 3112 2226 3192 complemen-

389 3241 453 3296 tum
475 3238 620 3295 tractatus
641 3230 768 3312 predicti
790 3231 944 3294 declinare
968 3229 1081 3308 relitls;
1114 3233 1237 3309 scituri,
1272 3231 1353 3311 quod
1383 3233 1408 3295 si
1438 3233 1476 3295 ad
1506 3231 1610 3294 villam
1640 3238 1775 3296 nostram
1805 3230 1923 3296 Calesie
1951 3233 2048 3313 magis
2076 3231 2227 3313 elegeritis

390 3351 549 3428 accedere,
579 3349 651 3413 illuc
675 3356 795 3413 nostros
818 3357 956 3413 oratores
978 3349 1068 3429 plena
1091 3357 1239 3430 potestate
1261 3349 1383 3414 iulcitos
1406 3351 1580 3429 reperietis3
1612 3351 1659 3412 siu
1687 3359 1787 3413 autern
1810 3365 1938 3432 regnum
1961 3357 2095 3413 nostrum
2119 3349 2226 3432 buglie

388 3470 473 3534 adire
488 3469 693 3544 decreueritis,
715 3485 772 3531 nos
790 3467 828 3531 de
845 3467 978 3531 aduentu
995 3475 1094 3532 restro
1110 3470 1217 3550 gavisi,
1240 3477 1328 3550 grato
1350 3485 1403 3532 vos
1422 3471 1524 3532 animo
1540 3469 1695 3547 suscipere
1713 3469 1919 3548 disponimus:
1940 3468 2123 3532 confidentes
2145 3468 2226 3546 quod

388 3590 419 3651 in
442 3589 538 3652 nostri
561 3595 590 3650 et
612 3587 854 3650 consiliariorum
878 3593 1051 3650 nostrorum
1069 3588 1227 3666 presencia
1243 3588 1311 3666 ipsa
1329 3603 1378 3650 res
1394 3587 1484 3652 duem
1502 3589 1624 3668 assequi
1642 3587 1763 3664 valebit,
1786 3595 1878 3668 prout
1892 3587 2011 3650 iusticia
2029 3589 2172 3669 exegerit,
2195 3589 2225 3648 iu

389 3707 530 3770 omnibus
552 3707 735 3788 grauiorem.
779 3703 824 3766 De
845 3712 944 3767 vestro
967 3712 1066 3767 auteur
1090 3706 1120 3766 iu
1142 3705 1198 3768 bac
1221 3722 1253 3768 re
1275 3704 1404 3769 tenendo
1426 3707 1594 3786 proposito,
1624 3721 1777 3787 rogamus,
1800 3705 1881 3788 quod
1904 3722 1959 3770 uos
1981 3705 2108 3770 reddere
2130 3705 2226 3770 velitis

280 3887 284 3896 ,
389 3827 549 3900 certiores,
584 3823 622 3886 ad
651 3822 742 3884 duem
772 3820 853 3899 quod
882 3829 910 3883 et
933 3838 989 3884 uos
1011 3822 1049 3885 de
1072 3832 1170 3886 vestra
1192 3823 1398 3902 disposicione
1421 3823 1593 3901 certificati,
1628 3825 1783 3888 uobiscum
1806 3829 1965 3903 cooperari
1988 3825 2160 3900 valeamus,
2194 3834 2225 3887 ut

390 3945 469 4005 iuter
490 3957 546 4004 nos
568 3949 597 4004 et
617 3957 671 4004 vos
693 3939 831 4002 amicicia
853 3945 958 4002 mutua
981 3940 1101 4002 viuculo
1118 3939 1323 4006 indissolubili
1343 3941 1381 4004 de
1399 3951 1500 4005 cetero
1515 3949 1719 4006 couserretnr.
1763 3941 1962 4010 Honorabilcs
1981 3952 2010 4006 et
2028 3945 2143 4027 egregii
2159 3925 2238 4021 viri,'

389 4069 505 4124 vestras
531 4059 685 4124 amicicias
707 4057 815 4122 merito
848 4057 935 4122 nobis
957 4074 1046 4125 caras
1068 4058 1242 4136 bitisdmus
1264 4077 1386 4139 semper
1407 4059 1521 4143 dirigat
1541 4059 1671 4136 ielieiter
1692 4068 1722 4124 et
1744 4061 1850 4126 rodae.
1895 4061 2005 4130 mlum
2027 4064 2085 4129 sub
2106 4064 2224 4141 privato

389 4178 491 4263 sigillo
513 4187 628 4254 nostro,
651 4179 682 4240 iu
704 4176 831 4256 pallatio
854 4185 958 4240 nostro
973 4175 1247 4256 Westmonasterii,
1270 4178 1361 4242 xxti.
1384 4177 1433 4242 die
1451 4176 1575 4258 Aprilis,
1598 4195 1680 4241 auno
1702 4181 1788 4262 regui
1811 4183 1906 4244 nostri
1929 4180 2167 4260 quartodecimo.
2210 4245 2225 4264 Α

388 4431 636 4520 LXXVIII.
682 4436 806 4540 Kline‘q
829 4433 958 4538 Henrp
987 4435 1046 4514 Vt.
1074 4463 1126 4516 on
1151 4443 1260 4517 aeine
1285 4437 1551 4517 Zollbeumlen
1571 4463 1619 4517 aaa
1640 4437 1801 4518 Luudon
1824 4437 2061 4544 periebleles
2089 4439 2227 4522 Verbot

574 4590 644 4668 der
667 4588 834 4692 Einfubr
863 4614 936 4669 eon
967 4589 1138 4669 Woorera
1169 4614 1244 4668 uua
1267 4588 1478 4670 Fdondern.
1539 4589 1659 4692 1436,
1691 4591 1901 4674 November
1925 4593 1988 4674 21.
2009 4593 2043 4695 ¹)

542 4769 705 4849 Heuricus,
739 4768 794 4832 Dei
821 4771 926 4853 gracia
955 4785 1010 4832 rex
1032 4768 1141 4853 Anglie
1164 4779 1193 4833 et
1214 4769 1340 4835 baucio
1368 4779 1398 4835 et
1424 4772 1564 4836 domiuus
1586 4771 1740 4850 ilibemie,
1774 4775 1966 4838 custumariis
1994 4777 2058 4839 suis
2084 4775 2114 4838 in
2137 4782 2226 4856 portu

387 4892 516 4956 civitatis
533 4885 749 4954 Loudouieusis
771 4890 982 4970 etscrutatori
1005 4895 1109 4952 nostro
1131 4889 1162 4951 in
1185 4889 1290 4954 eodem
1313 4897 1403 4970 portu
1425 4889 1566 4956 salutem.
1609 4889 1803 4971 Quamquam
1826 4891 1954 4956 rebelles
1976 4897 2072 4957 nostri
2088 4893 2228 4959 Flaudrie

388 5025 532 5095 guerram
549 5008 636 5072 nobis
654 5016 684 5071 et
699 5005 840 5070 ddelibus
857 5009 969 5072 uostris
992 5016 1054 5072 um
1072 5024 1128 5088 per
1145 5014 1256 5072 terram
1272 5023 1365 5087 quam
1386 5024 1442 5091 per
1459 5027 1555 5089 mare,
1578 5010 1674 5076 indies
1695 5009 1807 5074 iaciant
1829 5018 1858 5076 et
1876 5009 1977 5074 iacere
1995 5028 2056 5076 uon
2071 5012 2226 5092 desistant,

548 5258 572 5326 ¹)
599 5257 659 5311 Aua
677 5259 738 5311 dem
756 5258 891 5323 originale
910 5259 958 5310 des
977 5258 1199 5324 bamburgiscbeu
1217 5260 1354 5315 Arcnlres.
