4914 6254
390 546 450 627 64
1127 537 1237 635 1441,
1262 541 1406 616 Febmnr
1432 539 1492 614 att.

391 831 468 894 bora
489 843 652 894 causnmm
673 836 818 894 consueta
841 842 898 909 pro
921 825 1065 892 tribunali
1086 824 1225 905 sedente,
1261 827 1508 908 comparantibus
1529 827 1560 892 iu
1583 827 1695 894 ittdicio
1717 829 1873 912 magistris
1893 828 2027 896 lieberto
2048 831 2136 912 Kent,
2159 849 2231 915 pro·

390 957 541 1026 cumlore,
562 947 701 1030 predicto
723 947 935 1028 procuratorio
958 947 1088 1022 nomine,
1111 961 1172 1025 quo
1194 963 1298 1025 supra,
1319 963 1359 1010 et
1379 955 1468 1025 parte
1491 963 1559 1023 tua,
1581 953 1611 1010 et
1630 946 1768 1012 tubanus
1786 946 1895 1027 lorde,
1917 959 2116 1029 procuratore
2133 952 2231 1018 botto-

390 1067 498 1132 rabilis
520 1069 588 1144 riri,
611 1067 727 1132 domiui
748 1065 830 1131 Petri
855 1064 1002 1145 Vyneent,
1025 1064 1141 1141 militis,
1164 1074 1194 1130 et
1214 1063 1368 1143 bidonee,
1391 1065 1494 1129 trous
1515 1065 1662 1143 eiusdem,
1684 1074 1775 1146 prout
1796 1070 1828 1130 itt
1850 1071 2060 1148 procuratorio
2081 1085 2138 1136 sno
2160 1071 2230 1138 inde

390 1185 528 1250 coniecto
558 1195 587 1250 et
612 1201 705 1264 penes
727 1185 890 1267 registrum
912 1182 990 1246 dicte
1012 1184 1095 1247 curie
1116 1183 1259 1248 existente
1281 1184 1398 1263 liquere
1419 1184 1530 1264 poterit
1551 1183 1721 1262 euidenter,
1744 1193 1832 1265 parto
1853 1204 1891 1249 et
1913 1188 2025 1265 altera,
2059 1192 2231 1268 comparuit

389 1303 527 1386 prelatus
550 1307 694 1390 magister
716 1303 822 1370 Petrus
844 1300 998 1378 Chercbe,
1029 1302 1181 1379 notarius,
1210 1320 1246 1366 ae
1269 1303 1422 1380 erubuit,
1450 1303 1637 1382 pressulauit
1665 1310 1694 1366 et
1715 1304 1845 1370 ostendit
1866 1306 2019 1385 quandam
2040 1316 2144 1374 notam
2166 1311 2231 1374 sinc

389 1422 542 1502 quoddam
564 1421 790 1504 protbocollum
812 1437 900 1486 suum
923 1421 953 1482 itt
975 1419 1107 1499 quodam
1130 1428 1277 1500 quaterno
1299 1424 1427 1502 papireo
1450 1437 1540 1486 mauu
1563 1437 1629 1500 sua,
1653 1431 1682 1485 tt
1704 1426 1844 1504 apparuit
1867 1426 1978 1505 etipse
1995 1429 2136 1504 asseruit,
2159 1435 2229 1492 tune

390 1540 502 1606 ibidem
525 1543 682 1622 seriptum,
707 1543 818 1605 tenoris
839 1538 1025 1619 infrascripti
1047 1546 1078 1602 tt
1101 1541 1246 1616 assentit,
1269 1547 1300 1602 ct
1320 1539 1412 1602 dixit:
1442 1538 1523 1620 quod
1545 1548 1672 1618 propter
1692 1541 1826 1619 senium,
1848 1541 2052 1608 infirmitatem
2075 1553 2105 1608 et
2125 1545 2231 1610 debili·

390 1669 483 1726 tatem
506 1662 645 1740 corporis
673 1661 719 1724 sui
743 1675 803 1722 oon
825 1659 923 1739 potuit
952 1656 1061 1721 exinde
1089 1657 1321 1724 instrumentum
1350 1657 1507 1735 publicum
1537 1657 1699 1734 conticere,
1734 1659 1867 1724 scribere
1893 1668 1924 1723 et
1952 1662 2084 1743 signate.
2128 1662 2230 1743 Quam

389 1778 511 1858 quidem
534 1787 637 1844 notatu
659 1779 724 1842 siue
746 1774 970 1856 protbocoiinm
992 1775 1138 1856 magister
1158 1773 1307 1840 liobertus
1329 1773 1424 1851 lleot,
1443 1783 1625 1853 procurator
1645 1776 1848 1857 supradictus,
1871 1781 2084 1857 procuratorio
2106 1783 2229 1848 nomine

391 1897 471 1961 dicte
491 1897 588 1976 partis
609 1911 680 1970 sue,
707 1895 811 1970 cuius,
845 1900 875 1956 rt
904 1893 997 1970 dixit,
1031 1890 1166 1956 interibit
1187 1900 1217 1955 et
1238 1893 1376 1968 interest,
1403 1893 1435 1955 in
1457 1890 1514 1957 bac
1541 1901 1629 1970 parte
1650 1895 1797 1960 instanter
1817 1897 1903 1974 pettit
1923 1915 1941 1960 a
1963 1897 2083 1976 prelato
2104 1899 2228 1966 domino

389 2015 503 2082 decano
525 2023 555 2077 et
576 2013 797 2089 commissario,
820 2020 850 2076 vt
871 2011 972 2076 iudice
993 2014 1025 2074 in
1047 2010 1105 2076 bac
1126 2017 1214 2092 parte
1235 2012 1434 2090 competenti,
1464 2011 1606 2089 quatinus
1628 2027 1684 2074 sua
1706 2016 1883 2078 auctoritate
1903 2015 2016 2080 dictam
2037 2026 2141 2082 uotam
2164 2021 2229 2084 siue

387 2132 613 2214 protbocoiinm
636 2130 746 2214 preiati
768 2132 905 2213 magistri
926 2130 1007 2193 Petri
1029 2127 1166 2194 Cberebe
1187 2146 1244 2208 per
1266 2145 1329 2207 me,
1364 2130 1514 2194 notarium
1543 2131 1699 2210 pubiicum
1723 2129 1873 2214 Curtaque
1894 2131 2121 2202 cantuariensis
2148 2139 2228 2222 regi·

389 2254 532 2318 strarium
555 2261 585 2316 et
607 2251 742 2315 eiusdem
758 2247 850 2315 curie
871 2256 1007 2312 actorum
1030 2249 1162 2314 scribam
1185 2249 1400 2330 subscriptum,
1422 2257 1514 2326 prout
1535 2250 1566 2312 in
1589 2248 1693 2314 eadem
1716 2257 1787 2316 nota
1809 2253 1874 2316 sine
1894 2253 2087 2332 protbocollo
2109 2265 2155 2320 est
2176 2273 2229 2320 ex-

388 2387 539 2453 pressum,
564 2370 742 2436 transscribi
763 2378 793 2432 et
815 2373 845 2433 itt
867 2367 997 2431 formant
1019 2367 1173 2448 pubiicum
1196 2367 1294 2450 redigi
1323 2376 1352 2432 et
1379 2369 1423 2432 sic
1452 2367 1521 2432 inde
1550 2367 1705 2446 pubiicum
1736 2369 1843 2436 conici
1870 2372 2102 2438 instrumentum
2132 2375 2228 2453 ipsius

389 2490 504 2554 domini
526 2489 642 2554 decani·
655 2489 836 2552 auctoritate
857 2495 886 2550 et
915 2484 1035 2550 decreto
1064 2485 1210 2550 mundare
1239 2493 1270 2549 et
1298 2484 1397 2550 lacere
1427 2485 1615 2570 dignaretur.
1666 2486 1714 2552 bd
1741 2490 1828 2554 cuius
1854 2492 2029 2568 petitionem
2059 2493 2228 2572 prelibatus

387 2609 531 2672 domiuus
552 2607 684 2671 decanus
706 2613 736 2668 et
757 2604 996 2680 commissarius,
1018 2605 1081 2668 tisa
1104 2605 1246 2682 primitus
1268 2605 1444 2684 peripsum
1466 2613 1496 2668 et
1517 2606 1651 2686 inspecta
1674 2606 1848 2672 huiusmodi
1869 2618 1941 2673 uota
1959 2611 2226 2689 siueprotbocoiio

386 2729 455 2806 ipsa
477 2727 560 2790 omui
582 2723 754 2804 suspicione
774 2723 899 2788 sinistra
920 2730 1056 2799 carente,
1090 2722 1246 2786 attendens
1274 2721 1387 2788 dictam
1415 2724 1590 2804 petitionem
1618 2723 1684 2789 lore
1713 2727 1824 2790 iustam
1852 2735 1882 2790 et
1911 2743 2076 2794 consonant
2106 2731 2225 2810 rationi,

388 2845 543 2909 mandauit
564 2842 655 2908 micbi
677 2842 795 2906 notario
816 2857 910 2922 supra
935 2851 963 2906 et
986 2841 1174 2919 subscripto,
1210 2847 1240 2903 rt
1260 2841 1359 2920 ipsam
1387 2850 1489 2906 notam
1510 2847 1576 2908 siue
1596 2843 1822 2922 protbocoiinm
1845 2847 2105 2923 transcriberem,
2128 2856 2227 2913 trans-

386 2977 536 3028 sumerem
559 2963 623 3025 sine
646 2958 851 3039 exemplarem
879 2967 909 3024 et
929 2961 960 3024 iu
982 2958 1137 3038 publicam
1160 2957 1290 3024 lormam
1313 2959 1495 3043 redigerem,
1525 2970 1554 3026 et
1576 2961 1749 3028 huiusmodi
1772 2965 1987 3042 transscripta,
2019 2973 2225 3047 uanssnmpto

387 3085 452 3146 siue
473 3080 646 3161 exemplato
668 3087 697 3142 et
718 3080 749 3143 in
771 3076 902 3142 lormam
923 3079 1089 3157 publicam,
1113 3085 1143 3142 tt
1164 3075 1328 3158 preiertur,
1350 3095 1407 3157 per
1428 3095 1477 3142 me
1499 3079 1637 3158 redacto,
1651 3085 1654 3092 '
1668 3082 1803 3160 neuque
1824 3082 1914 3165 siguo
1936 3091 1965 3145 et
1986 3085 2108 3150 nomine
2129 3085 2226 3152 solitis

387 3207 416 3263 et
438 3199 590 3264 consuetis
612 3199 731 3280 signato
754 3204 783 3260 et
804 3196 994 3276 subscripto,
1017 3194 1108 3260 iidem
1131 3196 1300 3274 plenariam
1323 3195 1525 3262 adhibendam
1548 3197 1616 3263 iore
1637 3199 1771 3264 decreuit
1791 3197 1914 3266 ubilibet
1935 3201 1967 3264 iu
1989 3201 2130 3283 agendis,
2160 3219 2226 3268 rna·

385 3320 481 3402 gistro
497 3315 635 3380 lobanne
651 3314 761 3391 Lorde,
783 3323 982 3392 procuratore
1004 3316 1152 3395 predicto,
1175 3313 1379 3380 dissentiente.
1418 3315 1456 3379 lit
1477 3315 1616 3382 dissensit
1638 3317 1810 3382 huiusmodi
1832 3317 1965 3396 decreto,
1987 3319 2102 3386 nnllam
2125 3309 2225 3388 tattien

385 3452 508 3502 causam
530 3432 704 3498 buiusmodi
734 3431 890 3496 dissensus
911 3433 1056 3515 allegauit
1083 3435 1113 3496 iu
1141 3431 1253 3496 iudicio
1281 3442 1353 3498 tune
1375 3433 1504 3512 ibidem,
1533 3443 1563 3500 ol
1589 3436 1689 3501 solutu
1711 3437 1797 3515 petiit
1817 3437 1939 3514 copiam
1961 3437 2134 3505 huiusmodi
2156 3449 2225 3506 nete

385 3556 450 3618 siue
472 3551 655 3632 protbocolli
678 3557 840 3629 antequam
863 3557 1068 3616 transumatur
1089 3551 1146 3615 sibi
1170 3550 1230 3615 edi.
1273 3551 1375 3616 Tenor
1392 3569 1464 3616 tero
1485 3553 1563 3618 dicte
1586 3561 1656 3618 note
1672 3555 1737 3618 siue
1758 3553 1942 3635 protbocolli
1958 3555 2068 3634 prelati
2088 3560 2225 3640 magistri

385 3670 466 3734 Petri
489 3668 637 3747 Gberehe,
659 3669 697 3732 dc
719 3685 780 3748 qua
801 3671 866 3732 siue
888 3669 1008 3747 dequo
1030 3685 1123 3747 supra
1145 3670 1179 3734 ttt
1200 3671 1321 3748 mentio,
1344 3672 1480 3750 sequitur
1501 3680 1531 3736 el
1551 3681 1597 3736 est
1618 3672 1703 3736 talis:

539 3788 571 3850 ln
594 3787 648 3850 liei
669 3787 791 3850 nomine
814 3785 921 3851 lmen.
965 3785 1023 3850 Per
1045 3803 1169 3868 presens
1197 3787 1354 3865 publicum
1377 3790 1609 3855 instrumentum
1631 3793 1746 3856 cunctis
1768 3799 1915 3871 appareat
1936 3792 2108 3871 euidenter,
2140 3795 2223 3873 quod

385 3923 466 3972 anuo
488 3907 527 3970 ab
549 3906 754 3970 iucamatione
776 3903 896 3968 Domini
920 3905 1083 3970 millesimo
1105 3904 1403 3988 quadringentesimo
1425 3909 1567 3972 uicesimo
1590 3908 1706 3986 primo,
1723 3909 1758 3986 ¹]
1779 3908 1943 3974 indictione
1965 3909 2081 3976 decima
2103 3921 2222 3992 quarta,

383 4025 576 4105 pontificatus
602 4023 784 4087 sanctissimi
812 4024 842 4086 iu
865 4019 988 4088 Christo
1017 4027 1113 4104 patris
1140 4032 1170 4087 et
1195 4023 1310 4088 domini
1339 4027 1449 4102 nostri,
1484 4025 1600 4088 domiui
1622 4024 1759 4103 blartini,
1793 4025 1896 4092 diuina
1923 4030 2116 4107 prouidentia
2144 4049 2223 4112 pape

383 4145 480 4223 quinti
509 4158 588 4206 auno
617 4147 741 4219 cuano,
772 4142 883 4206 mensis
905 4140 1020 4222 Aprilis
1048 4141 1097 4205 die
1126 4141 1322 4218 duodecima,
1352 4144 1382 4206 in
1410 4142 1549 4221 hospicio
1576 4142 1774 4208 habitacionis
1804 4145 1922 4210 bonesti
1956 4156 1987 4210 et
2014 4147 2138 4214 disereti
2167 4151 2224 4214 tiri

382 4261 504 4328 lticardi
520 4260 670 4336 Waruer,
699 4261 772 4323 citis
794 4269 823 4323 et
844 4259 998 4340 pelliparii
1020 4261 1151 4324 ciuitatis
1170 4258 1307 4323 London.
1331 4262 1362 4322 in
1384 4259 1530 4340 parocbia
1558 4261 1651 4326 llarie
1672 4262 1710 4326 de
1735 4261 1916 4345 lllderntary
1938 4265 2067 4331 cbercbe
2088 4267 2222 4334 eiusdem

382 4383 514 4446 ciuitatis
535 4381 664 4457 sunnio,
687 4380 718 4442 in
740 4381 816 4454 mei,
839 4377 949 4440 notarii
970 4377 1085 4456 publici
1108 4387 1137 4442 et
1159 4378 1279 4442 testium
1302 4377 1542 4460 subscriptorum
1563 4381 1718 4458 presentia
1740 4383 1919 4448 constitutus
1941 4383 2143 4461 personaliter
2164 4389 2222 4450 cir·

382 4506 574 4580 cumspectus
596 4506 626 4560 et
641 4495 789 4561 discretus
812 4496 866 4575 tir,
886 4494 993 4560 Petrus
1011 4494 1160 4560 vincentii
1182 4473 1220 4560 de
1237 4495 1379 4573 Pbarom,
1403 4494 1547 4578 Algarbie
1564 4496 1730 4576 dioceseos,
1753 4507 1783 4563 et
1804 4499 1931 4566 honesta
1946 4502 2057 4568 mulier
2075 4501 2221 4570 tildaucia

380 4617 510 4695 Portela,
534 4615 747 4680 liworacensis
774 4614 947 4692 dioceseos,
980 4621 1011 4676 tt
1037 4622 1233 4678 asseruerunt
1261 4623 1289 4677 et
1318 4613 1459 4678 dixerunt
1488 4615 1526 4678 dc
1548 4617 1740 4680 matrimonio
1771 4619 1848 4681 iuter
1877 4635 1930 4683 eos
1952 4621 2159 4687 contrahendo
2181 4621 2220 4686 ad

381 4743 453 4798 tuuc
482 4735 592 4798 ibidem
616 4732 739 4798 insimul
761 4733 968 4810 colloquentes
990 4740 1021 4795 et
1042 4741 1220 4809 tractantes,
1251 4741 1342 4812 prout
1364 4732 1472 4809 micbi,
1499 4735 1619 4796 notario
1641 4735 1764 4814 publico
1788 4737 1960 4817 subscripto
1983 4742 2136 4818 apperuit.
2183 4739 2221 4802 lit

263 4823 273 4844 ⁰
381 4852 504 4917 taudem
526 4851 623 4916 dictus
646 4849 797 4916 vincentii
820 4867 889 4914 cum
911 4865 1003 4914 mauu
1024 4865 1080 4916 soa
1102 4850 1226 4915 dextera
1248 4849 1360 4914 dictatu
1383 4849 1563 4914 ildonciam
1586 4867 1642 4930 per
1663 4869 1787 4918 manunt
1809 4871 1895 4918 suam
1918 4855 2074 4920 dexteram
2096 4859 2221 4936 capiens

380 4980 410 5036 et
431 4970 529 5037 eidem
550 4969 698 5035 tildaocie
718 4969 792 5032 talia
816 4969 907 5038 verba
928 4969 1005 5034 dixit
1026 4978 1055 5034 et
1077 4967 1220 5050 protulit:
1257 4963 1356 5052 “Epo
1386 4967 1506 5036 Petrus
1536 4967 1698 5036 Vincentis'
1718 4969 1770 5037 ltt'c
1792 4971 1888 5059 capio
1913 4983 1941 5039 te
1963 4971 2160 5042 Aldouct‘otu
2183 4974 2218 5040 itt

378 5119 683 5135 *¹¹¹¹-

538 5221 563 5284 ¹)
594 5218 668 5282 llil,
687 5219 764 5285 spru
785 5220 824 5273 li.
