<?xml version="1.0" encoding="UTF-8"?>
<!DOCTYPE html PUBLIC "-//W3C//DTD XHTML 1.0 Transitional//EN"
    "http://www.w3.org/TR/xhtml1/DTD/xhtml1-transitional.dtd">
<html xmlns="http://www.w3.org/1999/xhtml" xml:lang="en" lang="en">
 <head>
  <title>
</title>
<meta http-equiv="Content-Type" content="text/html;charset=utf-8" />
  <meta name='ocr-system' content='tesseract 3.04.00' />
  <meta name='ocr-capabilities' content='ocr_page ocr_carea ocr_par ocr_line ocrx_word'/>
</head>
<body>
  <div class='ocr_page' id='page_1' title='image "./urkundlichegesc00lappgoog_0339.png"; bbox 0 0 4866 6264; ppageno 0'>
   <div class='ocr_carea' id='block_1_1' title="bbox 371 545 2246 3776">
    <p class='ocr_par' dir='ltr' id='par_1_1' title="bbox 415 545 1745 734">
     <span class='ocr_line' id='line_1_1' title="bbox 415 545 1469 642; baseline -0.003 -21"><span class='ocrx_word' id='word_1_1' title='bbox 415 551 500 634; x_wconf 79' lang='lat'><strong>152</strong></span> <span class='ocrx_word' id='word_1_2' title='bbox 1176 545 1285 642; x_wconf 78' lang='lat' dir='ltr'><strong>toro,</strong></span> <span class='ocrx_word' id='word_1_3' title='bbox 1310 549 1382 622; x_wconf 77' lang='lat' dir='ltr'><strong>cant</strong></span> <span class='ocrx_word' id='word_1_4' title='bbox 1409 545 1469 620; x_wconf 79' lang='lat' dir='ltr'><strong>sa.</strong></span> 
     </span>
     <span class='ocr_line' id='line_1_2' title="bbox 1604 663 1745 734; baseline 0 0"><span class='ocrx_word' id='word_1_5' title='bbox 1604 663 1608 670; x_wconf 85' lang='lat'>&#39;</span> <span class='ocrx_word' id='word_1_6' title='bbox 1733 683 1745 734; x_wconf 86' lang='lat' dir='ltr'><strong>t</strong></span> 
     </span>
    </p>

    <p class='ocr_par' dir='ltr' id='par_1_2' title="bbox 371 832 2242 2940">
     <span class='ocr_line' id='line_1_3' title="bbox 415 832 2240 917; baseline -0.002 -16"><span class='ocrx_word' id='word_1_7' title='bbox 415 837 495 904; x_wconf 91' lang='lat' dir='ltr'><strong>tibus</strong></span> <span class='ocrx_word' id='word_1_8' title='bbox 516 835 648 904; x_wconf 88' lang='lat' dir='ltr'><strong>dominis</strong></span> <span class='ocrx_word' id='word_1_9' title='bbox 667 833 748 902; x_wconf 85' lang='lat' dir='ltr'><strong>ioodi</strong></span> <span class='ocrx_word' id='word_1_10' title='bbox 778 835 877 912; x_wconf 86' lang='lat' dir='ltr'><strong>iltius,</strong></span> <span class='ocrx_word' id='word_1_11' title='bbox 907 852 962 917; x_wconf 87' lang='lat' dir='ltr'><strong>per</strong></span> <span class='ocrx_word' id='word_1_12' title='bbox 990 834 1117 900; x_wconf 78' lang='lat' dir='ltr'><strong>seruicia</strong></span> <span class='ocrx_word' id='word_1_13' title='bbox 1148 836 1217 900; x_wconf 87' lang='lat' dir='ltr'><strong>inde</strong></span> <span class='ocrx_word' id='word_1_14' title='bbox 1245 833 1345 902; x_wconf 82' lang='lat' dir='ltr'><strong>debita</strong></span> <span class='ocrx_word' id='word_1_15' title='bbox 1368 842 1397 900; x_wconf 90' lang='lat' dir='ltr'><strong>et</strong></span> <span class='ocrx_word' id='word_1_16' title='bbox 1417 833 1457 899; x_wconf 89' lang='lat' dir='ltr'><strong>de</strong></span> <span class='ocrx_word' id='word_1_17' title='bbox 1477 835 1545 898; x_wconf 90' lang='lat' dir='ltr'><strong>iure</strong></span> <span class='ocrx_word' id='word_1_18' title='bbox 1564 842 1718 900; x_wconf 88' lang='lat' dir='ltr'><strong>consucta.</strong></span> <span class='ocrx_word' id='word_1_19' title='bbox 1762 832 1826 902; x_wconf 88' lang='lat' dir='ltr'><strong>Sub</strong></span> <span class='ocrx_word' id='word_1_20' title='bbox 1854 837 1913 902; x_wconf 89' lang='lat' dir='ltr'><strong>ista</strong></span> <span class='ocrx_word' id='word_1_21' title='bbox 1935 842 2036 900; x_wconf 70' lang='lat' dir='ltr'><strong>umen</strong></span> <span class='ocrx_word' id='word_1_22' title='bbox 2057 832 2240 913; x_wconf 81' lang='lat' dir='ltr'><strong>condicione,</strong></span> 
     </span>
     <span class='ocr_line' id='line_1_4' title="bbox 415 951 2238 1038; baseline -0.004 -14"><span class='ocrx_word' id='word_1_23' title='bbox 415 955 495 1035; x_wconf 83' lang='lat' dir='ltr'><strong>quod</strong></span> <span class='ocrx_word' id='word_1_24' title='bbox 513 954 618 1020; x_wconf 86' lang='lat' dir='ltr'><strong>eudem</strong></span> <span class='ocrx_word' id='word_1_25' title='bbox 634 952 805 1038; x_wconf 79' lang='lat' dir='ltr'><strong>Margarota</strong></span> <span class='ocrx_word' id='word_1_26' title='bbox 821 959 986 1031; x_wconf 86' lang='lat' dir='ltr'><strong>annuatim,</strong></span> <span class='ocrx_word' id='word_1_27' title='bbox 1008 955 1138 1020; x_wconf 81' lang='lat' dir='ltr'>durante</span> <span class='ocrx_word' id='word_1_28' title='bbox 1152 956 1211 1020; x_wconf 85' lang='lat' dir='ltr'><strong>rita</strong></span> <span class='ocrx_word' id='word_1_29' title='bbox 1228 954 1361 1020; x_wconf 89' lang='lat' dir='ltr'><strong>eiusdem</strong></span> <span class='ocrx_word' id='word_1_30' title='bbox 1378 953 1565 1036; x_wconf 73' lang='lat' dir='ltr'><strong>Margarete,</strong></span> <span class='ocrx_word' id='word_1_31' title='bbox 1577 955 1706 1020; x_wconf 80' lang='lat' dir='ltr'><strong>inueniet</strong></span> <span class='ocrx_word' id='word_1_32' title='bbox 1723 963 1753 1018; x_wconf 92' lang='lat' dir='ltr'><strong>et</strong></span> <span class='ocrx_word' id='word_1_33' title='bbox 1767 955 1914 1021; x_wconf 86' lang='lat' dir='ltr'><strong>sustineat</strong></span> <span class='ocrx_word' id='word_1_34' title='bbox 1929 969 2021 1019; x_wconf 90' lang='lat' dir='ltr'><strong>uuum</strong></span> <span class='ocrx_word' id='word_1_35' title='bbox 2038 951 2238 1032; x_wconf 76' lang='lat' dir='ltr'><strong>cepeibnum,</strong></span> 
     </span>
     <span class='ocr_line' id='line_1_5' title="bbox 371 1055 2241 1156; baseline -0.001 -20"><span class='ocrx_word' id='word_1_36' title='bbox 371 1055 379 1070; x_wconf 69' lang='lat'><em>⁰</em></span> <span class='ocrx_word' id='word_1_37' title='bbox 413 1077 510 1151; x_wconf 84' lang='lat' dir='ltr'><strong>virum</strong></span> <span class='ocrx_word' id='word_1_38' title='bbox 532 1073 684 1155; x_wconf 85' lang='lat' dir='ltr'><strong>ydoneum</strong></span> <span class='ocrx_word' id='word_1_39' title='bbox 707 1081 736 1138; x_wconf 90' lang='lat' dir='ltr'><strong>ct</strong></span> <span class='ocrx_word' id='word_1_40' title='bbox 757 1073 932 1152; x_wconf 88' lang='lat' dir='ltr'><strong>honestum,</strong></span> <span class='ocrx_word' id='word_1_41' title='bbox 963 1075 994 1138; x_wconf 92' lang='lat' dir='ltr'><strong>in</strong></span> <span class='ocrx_word' id='word_1_42' title='bbox 1023 1074 1141 1156; x_wconf 85' lang='lat' dir='ltr'><strong>capelia</strong></span> <span class='ocrx_word' id='word_1_43' title='bbox 1162 1075 1250 1138; x_wconf 84' lang='lat' dir='ltr'><strong>beate</strong></span> <span class='ocrx_word' id='word_1_44' title='bbox 1270 1073 1364 1138; x_wconf 86' lang='lat' dir='ltr'><strong>blarie</strong></span> <span class='ocrx_word' id='word_1_45' title='bbox 1386 1071 1466 1138; x_wconf 84' lang='lat' dir='ltr'><strong>inira</strong></span> <span class='ocrx_word' id='word_1_46' title='bbox 1488 1073 1646 1138; x_wconf 85' lang='lat' dir='ltr'><strong>ecclesiam</strong></span> <span class='ocrx_word' id='word_1_47' title='bbox 1669 1075 1754 1140; x_wconf 84' lang='lat' dir='ltr'><strong>beate</strong></span> <span class='ocrx_word' id='word_1_48' title='bbox 1775 1073 1869 1138; x_wconf 83' lang='lat' dir='ltr'><strong>biarie</strong></span> <span class='ocrx_word' id='word_1_49' title='bbox 1890 1073 1929 1138; x_wconf 88' lang='lat' dir='ltr'><strong>de</strong></span> <span class='ocrx_word' id='word_1_50' title='bbox 1949 1071 2241 1138; x_wconf 79' lang='lat' dir='ltr'><strong>Atdernnncutrcuc</strong></span> 
     </span>
     <span class='ocr_line' id='line_1_6' title="bbox 412 1191 2239 1275; baseline -0.001 -19"><span class='ocrx_word' id='word_1_51' title='bbox 412 1192 566 1270; x_wconf 72' lang='lat' dir='ltr'><strong>Londou„</strong></span> <span class='ocrx_word' id='word_1_52' title='bbox 588 1209 645 1275; x_wconf 91' lang='lat' dir='ltr'><strong>pro</strong></span> <span class='ocrx_word' id='word_1_53' title='bbox 668 1195 768 1258; x_wconf 89' lang='lat' dir='ltr'><strong>anima</strong></span> <span class='ocrx_word' id='word_1_54' title='bbox 790 1193 916 1274; x_wconf 73' lang='lat' dir='ltr'><strong>predicti</strong></span> <span class='ocrx_word' id='word_1_55' title='bbox 937 1193 1061 1258; x_wconf 79' lang='lat' dir='ltr'><strong>liuberti</strong></span> <span class='ocrx_word' id='word_1_56' title='bbox 1082 1193 1136 1257; x_wconf 86' lang='lat' dir='ltr'><strong>dlii</strong></span> <span class='ocrx_word' id='word_1_57' title='bbox 1158 1193 1300 1271; x_wconf 78' lang='lat' dir='ltr'><strong>liuberti,</strong></span> <span class='ocrx_word' id='word_1_58' title='bbox 1330 1209 1366 1258; x_wconf 91' lang='lat' dir='ltr'><strong>ac</strong></span> <span class='ocrx_word' id='word_1_59' title='bbox 1394 1209 1451 1273; x_wconf 91' lang='lat' dir='ltr'><strong>pro</strong></span> <span class='ocrx_word' id='word_1_60' title='bbox 1472 1193 1631 1258; x_wconf 82' lang='lat' dir='ltr'><strong>animabus</strong></span> <span class='ocrx_word' id='word_1_61' title='bbox 1659 1195 1755 1272; x_wconf 88' lang='lat' dir='ltr'><strong>patris</strong></span> <span class='ocrx_word' id='word_1_62' title='bbox 1777 1200 1806 1258; x_wconf 88' lang='lat' dir='ltr'><strong>et</strong></span> <span class='ocrx_word' id='word_1_63' title='bbox 1832 1193 1938 1257; x_wconf 84' lang='lat' dir='ltr'><strong>matris</strong></span> <span class='ocrx_word' id='word_1_64' title='bbox 1967 1193 2047 1268; x_wconf 87' lang='lat' dir='ltr'><strong>eius,</strong></span> <span class='ocrx_word' id='word_1_65' title='bbox 2077 1191 2239 1256; x_wconf 85' lang='lat' dir='ltr'><strong>secuudum</strong></span> 
     </span>
     <span class='ocr_line' id='line_1_7' title="bbox 415 1309 2239 1391; baseline -0.002 -15"><span class='ocrx_word' id='word_1_66' title='bbox 415 1321 550 1378; x_wconf 87' lang='lat' dir='ltr'><strong>tenorem</strong></span> <span class='ocrx_word' id='word_1_67' title='bbox 571 1321 601 1376; x_wconf 91' lang='lat' dir='ltr'><strong>et</strong></span> <span class='ocrx_word' id='word_1_68' title='bbox 622 1311 759 1378; x_wconf 80' lang='lat' dir='ltr'><strong>edoctum</strong></span> <span class='ocrx_word' id='word_1_69' title='bbox 782 1313 884 1377; x_wconf 80' lang='lat' dir='ltr'><strong>vlume</strong></span> <span class='ocrx_word' id='word_1_70' title='bbox 906 1312 1068 1376; x_wconf 85' lang='lat' dir='ltr'><strong>voluntatis</strong></span> <span class='ocrx_word' id='word_1_71' title='bbox 1090 1310 1224 1376; x_wconf 86' lang='lat' dir='ltr'><strong>ciusdem</strong></span> <span class='ocrx_word' id='word_1_72' title='bbox 1243 1312 1367 1376; x_wconf 77' lang='lat' dir='ltr'><strong>liuberti</strong></span> <span class='ocrx_word' id='word_1_73' title='bbox 1387 1312 1442 1376; x_wconf 88' lang='lat' dir='ltr'><strong>iiiii</strong></span> <span class='ocrx_word' id='word_1_74' title='bbox 1462 1310 1595 1391; x_wconf 80' lang='lat' dir='ltr'><strong>Roberti,</strong></span> <span class='ocrx_word' id='word_1_75' title='bbox 1616 1312 1718 1376; x_wconf 83' lang='lat' dir='ltr'><strong>diuina</strong></span> <span class='ocrx_word' id='word_1_76' title='bbox 1739 1310 1848 1376; x_wconf 77' lang='lat' dir='ltr'>cotidie</span> <span class='ocrx_word' id='word_1_77' title='bbox 1871 1311 2103 1378; x_wconf 84' lang='lat' dir='ltr'><strong>celebraturum.</strong></span> <span class='ocrx_word' id='word_1_78' title='bbox 2146 1309 2193 1388; x_wconf 83' lang='lat' dir='ltr'><strong>Et,</strong></span> <span class='ocrx_word' id='word_1_79' title='bbox 2214 1312 2239 1372; x_wconf 87' lang='lat' dir='ltr'><strong>si</strong></span> 
     </span>
     <span class='ocr_line' id='line_1_8' title="bbox 414 1429 2239 1517; baseline -0.002 -21"><span class='ocrx_word' id='word_1_80' title='bbox 414 1433 569 1514; x_wconf 73' lang='lat' dir='ltr'><strong>confingat</strong></span> <span class='ocrx_word' id='word_1_81' title='bbox 591 1430 703 1496; x_wconf 89' lang='lat' dir='ltr'><strong>dictam</strong></span> <span class='ocrx_word' id='word_1_82' title='bbox 724 1431 925 1517; x_wconf 71' lang='lat' dir='ltr'><strong>margaretam</strong></span> <span class='ocrx_word' id='word_1_83' title='bbox 955 1432 1083 1496; x_wconf 86' lang='lat' dir='ltr'><strong>durante</strong></span> <span class='ocrx_word' id='word_1_84' title='bbox 1104 1432 1164 1496; x_wconf 86' lang='lat' dir='ltr'><strong>rita</strong></span> <span class='ocrx_word' id='word_1_85' title='bbox 1187 1448 1242 1496; x_wconf 85' lang='lat' dir='ltr'><strong>sue</strong></span> <span class='ocrx_word' id='word_1_86' title='bbox 1264 1430 1303 1496; x_wconf 90' lang='lat' dir='ltr'><strong>de</strong></span> <span class='ocrx_word' id='word_1_87' title='bbox 1325 1433 1500 1496; x_wconf 82' lang='lat' dir='ltr'><strong>invencione</strong></span> <span class='ocrx_word' id='word_1_88' title='bbox 1527 1438 1557 1495; x_wconf 92' lang='lat' dir='ltr'><strong>et</strong></span> <span class='ocrx_word' id='word_1_89' title='bbox 1577 1431 1799 1496; x_wconf 86' lang='lat' dir='ltr'><strong>sustentaciooe</strong></span> <span class='ocrx_word' id='word_1_90' title='bbox 1820 1429 1995 1496; x_wconf 72' lang='lat' dir='ltr'><strong>buius-odi</strong></span> <span class='ocrx_word' id='word_1_91' title='bbox 2016 1429 2166 1510; x_wconf 78' lang='lat' dir='ltr'><strong>capellani</strong></span> <span class='ocrx_word' id='word_1_92' title='bbox 2187 1447 2239 1508; x_wconf 92' lang='lat' dir='ltr'><strong>per</strong></span> 
     </span>
     <span class='ocr_line' id='line_1_9' title="bbox 413 1547 2238 1631; baseline -0.001 -17"><span class='ocrx_word' id='word_1_93' title='bbox 413 1567 507 1616; x_wconf 91' lang='lat' dir='ltr'><strong>unum</strong></span> <span class='ocrx_word' id='word_1_94' title='bbox 529 1559 708 1630; x_wconf 83' lang='lat' dir='ltr'><strong>quaternum</strong></span> <span class='ocrx_word' id='word_1_95' title='bbox 731 1552 802 1616; x_wconf 88' lang='lat' dir='ltr'><strong>anni</strong></span> <span class='ocrx_word' id='word_1_96' title='bbox 824 1558 929 1614; x_wconf 89' lang='lat' dir='ltr'><strong>contra</strong></span> <span class='ocrx_word' id='word_1_97' title='bbox 958 1549 1088 1614; x_wconf 77' lang='lat' dir='ltr'><strong>sormam</strong></span> <span class='ocrx_word' id='word_1_98' title='bbox 1117 1550 1284 1631; x_wconf 75' lang='lat' dir='ltr'><strong>predictam</strong></span> <span class='ocrx_word' id='word_1_99' title='bbox 1307 1567 1438 1627; x_wconf 91' lang='lat' dir='ltr'><strong>cessare,</strong></span> <span class='ocrx_word' id='word_1_100' title='bbox 1467 1558 1576 1616; x_wconf 84' lang='lat' dir='ltr'><strong>extunc</strong></span> <span class='ocrx_word' id='word_1_101' title='bbox 1604 1551 1681 1618; x_wconf 88' lang='lat' dir='ltr'><strong>bene</strong></span> <span class='ocrx_word' id='word_1_102' title='bbox 1707 1550 1808 1616; x_wconf 81' lang='lat' dir='ltr'><strong>deebit</strong></span> <span class='ocrx_word' id='word_1_103' title='bbox 1837 1549 1925 1615; x_wconf 86' lang='lat' dir='ltr'><strong>nobis</strong></span> <span class='ocrx_word' id='word_1_104' title='bbox 1953 1547 2080 1630; x_wconf 78' lang='lat' dir='ltr'><strong>pretatis</strong></span> <span class='ocrx_word' id='word_1_105' title='bbox 2099 1547 2238 1625; x_wconf 78' lang='lat' dir='ltr'><strong>dobanui,</strong></span> 
     </span>
     <span class='ocr_line' id='line_1_10' title="bbox 413 1665 2239 1750; baseline -0.003 -16"><span class='ocrx_word' id='word_1_106' title='bbox 413 1669 553 1747; x_wconf 82' lang='lat' dir='ltr'><strong>Henrico,</strong></span> <span class='ocrx_word' id='word_1_107' title='bbox 575 1668 717 1747; x_wconf 84' lang='lat' dir='ltr'><strong>Jobanni,</strong></span> <span class='ocrx_word' id='word_1_108' title='bbox 740 1669 906 1734; x_wconf 76' lang='lat' dir='ltr'><strong>willielmo</strong></span> <span class='ocrx_word' id='word_1_109' title='bbox 928 1677 957 1732; x_wconf 90' lang='lat' dir='ltr'><strong>ct</strong></span> <span class='ocrx_word' id='word_1_110' title='bbox 978 1668 1117 1746; x_wconf 76' lang='lat' dir='ltr'><strong>Biennio,</strong></span> <span class='ocrx_word' id='word_1_111' title='bbox 1141 1677 1170 1732; x_wconf 92' lang='lat' dir='ltr'><strong>ct</strong></span> <span class='ocrx_word' id='word_1_112' title='bbox 1190 1668 1352 1734; x_wconf 77' lang='lat' dir='ltr'><strong>heredibus</strong></span> <span class='ocrx_word' id='word_1_113' title='bbox 1373 1671 1495 1747; x_wconf 90' lang='lat' dir='ltr'><strong>uostris,</strong></span> <span class='ocrx_word' id='word_1_114' title='bbox 1517 1671 1620 1733; x_wconf 90' lang='lat' dir='ltr'><strong>omnia</strong></span> <span class='ocrx_word' id='word_1_115' title='bbox 1641 1668 1787 1750; x_wconf 85' lang='lat' dir='ltr'><strong>predicto,</strong></span> <span class='ocrx_word' id='word_1_116' title='bbox 1810 1677 1908 1734; x_wconf 86' lang='lat' dir='ltr'><strong>terras</strong></span> <span class='ocrx_word' id='word_1_117' title='bbox 1922 1677 1952 1732; x_wconf 90' lang='lat' dir='ltr'><strong>ct</strong></span> <span class='ocrx_word' id='word_1_118' title='bbox 1970 1675 2149 1743; x_wconf 80' lang='lat' dir='ltr'><strong>tenemento,</strong></span> <span class='ocrx_word' id='word_1_119' title='bbox 2172 1665 2239 1729; x_wconf 89' lang='lat' dir='ltr'><strong>red-</strong></span> 
     </span>
     <span class='ocr_line' id='line_1_11' title="bbox 412 1785 2241 1868; baseline -0.003 -13"><span class='ocrx_word' id='word_1_120' title='bbox 412 1789 494 1855; x_wconf 84' lang='lat' dir='ltr'><strong>ditus</strong></span> <span class='ocrx_word' id='word_1_121' title='bbox 514 1795 544 1852; x_wconf 92' lang='lat' dir='ltr'><strong>et</strong></span> <span class='ocrx_word' id='word_1_122' title='bbox 565 1788 702 1866; x_wconf 87' lang='lat' dir='ltr'><strong>servicia,</strong></span> <span class='ocrx_word' id='word_1_123' title='bbox 725 1803 794 1852; x_wconf 89' lang='lat' dir='ltr'><strong>oum</strong></span> <span class='ocrx_word' id='word_1_124' title='bbox 815 1789 1023 1868; x_wconf 79' lang='lat' dir='ltr'><strong>pertinenciis,</strong></span> <span class='ocrx_word' id='word_1_125' title='bbox 1051 1790 1213 1866; x_wconf 90' lang='lat' dir='ltr'><strong>reintrare,</strong></span> <span class='ocrx_word' id='word_1_126' title='bbox 1248 1788 1385 1852; x_wconf 87' lang='lat' dir='ltr'><strong>rescisire</strong></span> <span class='ocrx_word' id='word_1_127' title='bbox 1407 1795 1436 1852; x_wconf 86' lang='lat' dir='ltr'><strong>et</strong></span> <span class='ocrx_word' id='word_1_128' title='bbox 1457 1792 1488 1852; x_wconf 91' lang='lat' dir='ltr'><strong>in</strong></span> <span class='ocrx_word' id='word_1_129' title='bbox 1509 1790 1639 1867; x_wconf 86' lang='lat' dir='ltr'><strong>pristino</strong></span> <span class='ocrx_word' id='word_1_130' title='bbox 1661 1795 1740 1853; x_wconf 80' lang='lat' dir='ltr'><strong>statu</strong></span> <span class='ocrx_word' id='word_1_131' title='bbox 1763 1796 1866 1852; x_wconf 89' lang='lat' dir='ltr'><strong>nostro</strong></span> <span class='ocrx_word' id='word_1_132' title='bbox 1888 1789 2016 1852; x_wconf 87' lang='lat' dir='ltr'><strong>retinere</strong></span> <span class='ocrx_word' id='word_1_133' title='bbox 2037 1794 2067 1848; x_wconf 88' lang='lat' dir='ltr'><strong>et</strong></span> <span class='ocrx_word' id='word_1_134' title='bbox 2088 1785 2241 1866; x_wconf 87' lang='lat' dir='ltr'><strong>possidere</strong></span> 
     </span>
     <span class='ocr_line' id='line_1_12' title="bbox 414 1904 2240 1988; baseline -0.002 -18"><span class='ocrx_word' id='word_1_135' title='bbox 414 1909 635 1988; x_wconf 88' lang='lat' dir='ltr'><strong>imperpetuum</strong></span> <span class='ocrx_word' id='word_1_136' title='bbox 641 1925 653 1985; x_wconf 92' lang='lat'>;</span> <span class='ocrx_word' id='word_1_137' title='bbox 683 1907 812 1972; x_wconf 88' lang='lat' dir='ltr'><strong>tenenda</strong></span> <span class='ocrx_word' id='word_1_138' title='bbox 834 1907 872 1973; x_wconf 93' lang='lat' dir='ltr'><strong>dc</strong></span> <span class='ocrx_word' id='word_1_139' title='bbox 894 1907 1074 1987; x_wconf 87' lang='lat' dir='ltr'><strong>capitalibus</strong></span> <span class='ocrx_word' id='word_1_140' title='bbox 1095 1906 1226 1972; x_wconf 89' lang='lat' dir='ltr'><strong>dominis</strong></span> <span class='ocrx_word' id='word_1_141' title='bbox 1247 1904 1336 1971; x_wconf 82' lang='lat' dir='ltr'><strong>teodi·</strong></span> <span class='ocrx_word' id='word_1_142' title='bbox 1350 1906 1431 1972; x_wconf 88' lang='lat' dir='ltr'><strong>illius</strong></span> <span class='ocrx_word' id='word_1_143' title='bbox 1454 1923 1510 1986; x_wconf 90' lang='lat' dir='ltr'><strong>per</strong></span> <span class='ocrx_word' id='word_1_144' title='bbox 1531 1909 1658 1972; x_wconf 80' lang='lat' dir='ltr'><strong>servicio</strong></span> <span class='ocrx_word' id='word_1_145' title='bbox 1679 1906 1750 1972; x_wconf 90' lang='lat' dir='ltr'><strong>inde</strong></span> <span class='ocrx_word' id='word_1_146' title='bbox 1771 1905 1871 1970; x_wconf 90' lang='lat' dir='ltr'><strong>debita</strong></span> <span class='ocrx_word' id='word_1_147' title='bbox 1893 1913 1922 1968; x_wconf 87' lang='lat' dir='ltr'><strong>et</strong></span> <span class='ocrx_word' id='word_1_148' title='bbox 1944 1905 1981 1969; x_wconf 90' lang='lat' dir='ltr'><strong>de</strong></span> <span class='ocrx_word' id='word_1_149' title='bbox 2007 1907 2074 1970; x_wconf 92' lang='lat' dir='ltr'><strong>iure</strong></span> <span class='ocrx_word' id='word_1_150' title='bbox 2100 1913 2240 1968; x_wconf 87' lang='lat' dir='ltr'><strong>consueta</strong></span> 
     </span>
     <span class='ocr_line' id='line_1_13' title="bbox 413 2024 2240 2106; baseline -0.001 -17"><span class='ocrx_word' id='word_1_151' title='bbox 413 2029 651 2106; x_wconf 70' lang='lat' dir='ltr'><strong>imperpetuum</strong></span> <span class='ocrx_word' id='word_1_152' title='bbox 673 2030 806 2106; x_wconf 87' lang='lat' dir='ltr'><strong>presenti</strong></span> <span class='ocrx_word' id='word_1_153' title='bbox 828 2034 911 2090; x_wconf 88' lang='lat' dir='ltr'><strong>carta</strong></span> <span class='ocrx_word' id='word_1_154' title='bbox 933 2024 1086 2090; x_wconf 86' lang='lat' dir='ltr'><strong>indentata</strong></span> <span class='ocrx_word' id='word_1_155' title='bbox 1114 2033 1143 2088; x_wconf 88' lang='lat' dir='ltr'><strong>et</strong></span> <span class='ocrx_word' id='word_1_156' title='bbox 1164 2026 1275 2090; x_wconf 88' lang='lat' dir='ltr'><strong>scisina</strong></span> <span class='ocrx_word' id='word_1_157' title='bbox 1302 2026 1373 2090; x_wconf 88' lang='lat' dir='ltr'><strong>inde</strong></span> <span class='ocrx_word' id='word_1_158' title='bbox 1399 2025 1503 2090; x_wconf 81' lang='lat' dir='ltr'><strong>nauita</strong></span> <span class='ocrx_word' id='word_1_159' title='bbox 1529 2035 1559 2090; x_wconf 87' lang='lat' dir='ltr'><strong>et</strong></span> <span class='ocrx_word' id='word_1_160' title='bbox 1583 2026 1712 2091; x_wconf 87' lang='lat' dir='ltr'><strong>liberata</strong></span> <span class='ocrx_word' id='word_1_161' title='bbox 1751 2029 1782 2088; x_wconf 92' lang='lat' dir='ltr'><strong>in</strong></span> <span class='ocrx_word' id='word_1_162' title='bbox 1811 2025 1913 2104; x_wconf 83' lang='lat' dir='ltr'><strong>atiquo</strong></span> <span class='ocrx_word' id='word_1_163' title='bbox 1949 2039 2009 2087; x_wconf 91' lang='lat' dir='ltr'><strong>uon</strong></span> <span class='ocrx_word' id='word_1_164' title='bbox 2042 2024 2240 2088; x_wconf 81' lang='lat' dir='ltr'><strong>obstantibus.</strong></span> 
     </span>
     <span class='ocr_line' id='line_1_14' title="bbox 413 2143 2242 2228; baseline 0 -20"><span class='ocrx_word' id='word_1_165' title='bbox 413 2144 446 2208; x_wconf 88' lang='lat' dir='ltr'><strong>ln</strong></span> <span class='ocrx_word' id='word_1_166' title='bbox 469 2146 555 2210; x_wconf 91' lang='lat' dir='ltr'><strong>cuius</strong></span> <span class='ocrx_word' id='word_1_167' title='bbox 576 2147 620 2208; x_wconf 89' lang='lat' dir='ltr'><strong>rei</strong></span> <span class='ocrx_word' id='word_1_168' title='bbox 642 2146 862 2224; x_wconf 89' lang='lat' dir='ltr'><strong>testimonium,</strong></span> <span class='ocrx_word' id='word_1_169' title='bbox 894 2147 946 2208; x_wconf 90' lang='lat' dir='ltr'><strong>uni</strong></span> <span class='ocrx_word' id='word_1_170' title='bbox 967 2148 1047 2224; x_wconf 87' lang='lat' dir='ltr'><strong>perti</strong></span> <span class='ocrx_word' id='word_1_171' title='bbox 1069 2144 1158 2208; x_wconf 88' lang='lat' dir='ltr'><strong>buius</strong></span> <span class='ocrx_word' id='word_1_172' title='bbox 1181 2152 1262 2208; x_wconf 85' lang='lat' dir='ltr'><strong>carte</strong></span> <span class='ocrx_word' id='word_1_173' title='bbox 1283 2143 1434 2210; x_wconf 90' lang='lat' dir='ltr'><strong>indentate</strong></span> <span class='ocrx_word' id='word_1_174' title='bbox 1455 2162 1548 2225; x_wconf 91' lang='lat' dir='ltr'><strong>penes</strong></span> <span class='ocrx_word' id='word_1_175' title='bbox 1568 2145 1736 2227; x_wconf 80' lang='lat' dir='ltr'><strong>predictam</strong></span> <span class='ocrx_word' id='word_1_176' title='bbox 1758 2144 1961 2228; x_wconf 81' lang='lat' dir='ltr'><strong>Margaretam</strong></span> <span class='ocrx_word' id='word_1_177' title='bbox 1983 2145 2166 2220; x_wconf 90' lang='lat' dir='ltr'><strong>remanenti,</strong></span> <span class='ocrx_word' id='word_1_178' title='bbox 2188 2161 2242 2208; x_wconf 90' lang='lat' dir='ltr'><strong>uos</strong></span> 
     </span>
     <span class='ocr_line' id='line_1_15' title="bbox 414 2263 2241 2348; baseline -0.002 -20"><span class='ocrx_word' id='word_1_179' title='bbox 414 2263 543 2342; x_wconf 88' lang='lat' dir='ltr'><strong>predicti</strong></span> <span class='ocrx_word' id='word_1_180' title='bbox 562 2263 726 2342; x_wconf 74' lang='lat' dir='ltr'><strong>iohannes,</strong></span> <span class='ocrx_word' id='word_1_181' title='bbox 748 2263 906 2342; x_wconf 83' lang='lat' dir='ltr'><strong>Heuricus,</strong></span> <span class='ocrx_word' id='word_1_182' title='bbox 928 2263 1092 2341; x_wconf 79' lang='lat' dir='ltr'><strong>iohannes,</strong></span> <span class='ocrx_word' id='word_1_183' title='bbox 1115 2263 1300 2344; x_wconf 78' lang='lat' dir='ltr'><strong>willielmus</strong></span> <span class='ocrx_word' id='word_1_184' title='bbox 1321 2271 1351 2328; x_wconf 90' lang='lat' dir='ltr'><strong>et</strong></span> <span class='ocrx_word' id='word_1_185' title='bbox 1372 2263 1537 2340; x_wconf 80' lang='lat' dir='ltr'><strong>nicarum,</strong></span> <span class='ocrx_word' id='word_1_186' title='bbox 1565 2264 1665 2348; x_wconf 75' lang='lat' dir='ltr'><strong>sigilis</strong></span> <span class='ocrx_word' id='word_1_187' title='bbox 1687 2271 1791 2330; x_wconf 84' lang='lat' dir='ltr'><strong>nostra</strong></span> <span class='ocrx_word' id='word_1_188' title='bbox 1813 2263 2026 2344; x_wconf 81' lang='lat' dir='ltr'><strong>apposuimus3</strong></span> <span class='ocrx_word' id='word_1_189' title='bbox 2063 2263 2151 2326; x_wconf 87' lang='lat' dir='ltr'><strong>alteri</strong></span> <span class='ocrx_word' id='word_1_190' title='bbox 2173 2279 2241 2326; x_wconf 88' lang='lat' dir='ltr'><strong>vcro</strong></span> 
     </span>
     <span class='ocr_line' id='line_1_16' title="bbox 413 2365 2241 2466; baseline -0.001 -18"><span class='ocrx_word' id='word_1_191' title='bbox 413 2365 493 2462; x_wconf 86' lang='lat' dir='ltr'><strong>parti</strong></span> <span class='ocrx_word' id='word_1_192' title='bbox 515 2381 649 2448; x_wconf 87' lang='lat' dir='ltr'><strong>eiusdem</strong></span> <span class='ocrx_word' id='word_1_193' title='bbox 671 2391 753 2447; x_wconf 89' lang='lat' dir='ltr'><strong>carte</strong></span> <span class='ocrx_word' id='word_1_194' title='bbox 774 2383 927 2448; x_wconf 87' lang='lat' dir='ltr'><strong>indentate</strong></span> <span class='ocrx_word' id='word_1_195' title='bbox 948 2399 1040 2462; x_wconf 89' lang='lat' dir='ltr'><strong>pones</strong></span> <span class='ocrx_word' id='word_1_196' title='bbox 1063 2399 1119 2446; x_wconf 92' lang='lat' dir='ltr'><strong>nos</strong></span> <span class='ocrx_word' id='word_1_197' title='bbox 1141 2381 1295 2459; x_wconf 89' lang='lat' dir='ltr'><strong>residenti,</strong></span> <span class='ocrx_word' id='word_1_198' title='bbox 1317 2382 1453 2461; x_wconf 88' lang='lat' dir='ltr'><strong>predicta</strong></span> <span class='ocrx_word' id='word_1_199' title='bbox 1464 2382 1637 2465; x_wconf 83' lang='lat' dir='ltr'><strong>Margareta</strong></span> <span class='ocrx_word' id='word_1_200' title='bbox 1658 2382 1793 2466; x_wconf 77' lang='lat' dir='ltr'><strong>sigillum</strong></span> <span class='ocrx_word' id='word_1_201' title='bbox 1814 2398 1903 2446; x_wconf 88' lang='lat' dir='ltr'><strong>suum</strong></span> <span class='ocrx_word' id='word_1_202' title='bbox 1919 2383 2071 2463; x_wconf 87' lang='lat' dir='ltr'><strong>apposuit.</strong></span> <span class='ocrx_word' id='word_1_203' title='bbox 2114 2380 2241 2446; x_wconf 76' lang='lat' dir='ltr'><strong>Hennoo</strong></span> 
     </span>
     <span class='ocr_line' id='line_1_17' title="bbox 412 2497 2241 2583; baseline 0 -19"><span class='ocrx_word' id='word_1_204' title='bbox 412 2501 545 2583; x_wconf 80' lang='lat' dir='ltr'><strong>irowyk</strong></span> <span class='ocrx_word' id='word_1_205' title='bbox 567 2502 718 2576; x_wconf 60' lang='lat' dir='ltr'><strong>nemeto</strong></span> <span class='ocrx_word' id='word_1_206' title='bbox 740 2511 810 2566; x_wconf 91' lang='lat' dir='ltr'><strong>tunc</strong></span> <span class='ocrx_word' id='word_1_207' title='bbox 833 2505 947 2566; x_wconf 90' lang='lat' dir='ltr'><strong>maiore</strong></span> <span class='ocrx_word' id='word_1_208' title='bbox 968 2501 1097 2564; x_wconf 77' lang='lat' dir='ltr'><strong>ciuitatis</strong></span> <span class='ocrx_word' id='word_1_209' title='bbox 1119 2499 1271 2577; x_wconf 83' lang='lat' dir='ltr'><strong>bondon,</strong></span> <span class='ocrx_word' id='word_1_210' title='bbox 1305 2499 1437 2564; x_wconf 81' lang='lat' dir='ltr'><strong>Roberto</strong></span> <span class='ocrx_word' id='word_1_211' title='bbox 1459 2497 1589 2582; x_wconf 85' lang='lat' dir='ltr'><strong>Ctopton</strong></span> <span class='ocrx_word' id='word_1_212' title='bbox 1613 2510 1642 2565; x_wconf 93' lang='lat' dir='ltr'><strong>et</strong></span> <span class='ocrx_word' id='word_1_213' title='bbox 1662 2501 1779 2566; x_wconf 82' lang='lat' dir='ltr'><strong>Thema</strong></span> <span class='ocrx_word' id='word_1_214' title='bbox 1802 2499 1960 2568; x_wconf 84' lang='lat' dir='ltr'><strong>Catwortb</strong></span> <span class='ocrx_word' id='word_1_215' title='bbox 1987 2510 2057 2564; x_wconf 92' lang='lat' dir='ltr'><strong>tunc</strong></span> <span class='ocrx_word' id='word_1_216' title='bbox 2086 2501 2241 2566; x_wconf 85' lang='lat' dir='ltr'><strong>vicecomi-</strong></span> 
     </span>
     <span class='ocr_line' id='line_1_18' title="bbox 414 2617 2241 2698; baseline -0.001 -14"><span class='ocrx_word' id='word_1_217' title='bbox 414 2620 493 2684; x_wconf 86' lang='lat' dir='ltr'><strong>tibus</strong></span> <span class='ocrx_word' id='word_1_218' title='bbox 515 2619 648 2686; x_wconf 89' lang='lat' dir='ltr'><strong>ciusdcrn</strong></span> <span class='ocrx_word' id='word_1_219' title='bbox 671 2621 811 2698; x_wconf 89' lang='lat' dir='ltr'><strong>ciuitatis,</strong></span> <span class='ocrx_word' id='word_1_220' title='bbox 832 2619 981 2684; x_wconf 90' lang='lat' dir='ltr'><strong>Nicbolao</strong></span> <span class='ocrx_word' id='word_1_221' title='bbox 1003 2617 1129 2683; x_wconf 88' lang='lat' dir='ltr'><strong>Wotton</strong></span> <span class='ocrx_word' id='word_1_222' title='bbox 1151 2625 1222 2684; x_wconf 90' lang='lat' dir='ltr'><strong>tunc</strong></span> <span class='ocrx_word' id='word_1_223' title='bbox 1245 2617 1327 2683; x_wconf 91' lang='lat' dir='ltr'><strong>illius</strong></span> <span class='ocrx_word' id='word_1_224' title='bbox 1348 2618 1454 2684; x_wconf 84' lang='lat' dir='ltr'><strong>warde</strong></span> <span class='ocrx_word' id='word_1_225' title='bbox 1475 2619 1682 2684; x_wconf 77' lang='lat' dir='ltr'><strong>aldermanno.</strong></span> <span class='ocrx_word' id='word_1_226' title='bbox 1730 2619 1795 2684; x_wconf 86' lang='lat' dir='ltr'><strong>Hiis</strong></span> <span class='ocrx_word' id='word_1_227' title='bbox 1817 2621 1961 2697; x_wconf 88' lang='lat' dir='ltr'><strong>testibus,</strong></span> <span class='ocrx_word' id='word_1_228' title='bbox 1991 2619 2128 2684; x_wconf 83' lang='lat' dir='ltr'><strong>dobannc</strong></span> <span class='ocrx_word' id='word_1_229' title='bbox 2150 2618 2241 2684; x_wconf 85' lang='lat' dir='ltr'><strong>Bede-</strong></span> 
     </span>
     <span class='ocr_line' id='line_1_19' title="bbox 414 2734 2241 2820; baseline -0.001 -16"><span class='ocrx_word' id='word_1_230' title='bbox 414 2737 544 2820; x_wconf 88' lang='lat' dir='ltr'><strong>rendcu,</strong></span> <span class='ocrx_word' id='word_1_231' title='bbox 570 2738 707 2804; x_wconf 84' lang='lat' dir='ltr'><strong>dobauuc</strong></span> <span class='ocrx_word' id='word_1_232' title='bbox 728 2738 861 2816; x_wconf 75' lang='lat' dir='ltr'><strong>Brittios,</strong></span> <span class='ocrx_word' id='word_1_233' title='bbox 888 2737 1054 2802; x_wconf 85' lang='lat' dir='ltr'><strong>willielmo</strong></span> <span class='ocrx_word' id='word_1_234' title='bbox 1076 2734 1190 2814; x_wconf 82' lang='lat' dir='ltr'><strong>Cretae,</strong></span> <span class='ocrx_word' id='word_1_235' title='bbox 1219 2736 1351 2802; x_wconf 83' lang='lat' dir='ltr'><strong>Roberto</strong></span> <span class='ocrx_word' id='word_1_236' title='bbox 1372 2735 1497 2820; x_wconf 82' lang='lat' dir='ltr'><strong>Smytb,</strong></span> <span class='ocrx_word' id='word_1_237' title='bbox 1518 2738 1656 2804; x_wconf 79' lang='lat' dir='ltr'><strong>iohanne</strong></span> <span class='ocrx_word' id='word_1_238' title='bbox 1677 2737 1796 2816; x_wconf 81' lang='lat' dir='ltr'><strong>drcali,</strong></span> <span class='ocrx_word' id='word_1_239' title='bbox 1824 2746 1853 2802; x_wconf 92' lang='lat' dir='ltr'><strong>ct</strong></span> <span class='ocrx_word' id='word_1_240' title='bbox 1870 2739 1954 2804; x_wconf 88' lang='lat' dir='ltr'><strong>aiiis.</strong></span> <span class='ocrx_word' id='word_1_241' title='bbox 1997 2739 2074 2802; x_wconf 86' lang='lat' dir='ltr'><strong>Data</strong></span> <span class='ocrx_word' id='word_1_242' title='bbox 2096 2737 2241 2815; x_wconf 85' lang='lat' dir='ltr'><strong>bondon,</strong></span> 
     </span>
     <span class='ocr_line' id='line_1_20' title="bbox 413 2823 2199 2940; baseline -0.001 -16"><span class='ocrx_word' id='word_1_243' title='bbox 413 2866 499 2924; x_wconf 79' lang='lat' dir='ltr'><strong>sexto</strong></span> <span class='ocrx_word' id='word_1_244' title='bbox 520 2859 638 2922; x_wconf 91' lang='lat' dir='ltr'><strong>decimo</strong></span> <span class='ocrx_word' id='word_1_245' title='bbox 659 2857 708 2922; x_wconf 92' lang='lat' dir='ltr'><strong>die</strong></span> <span class='ocrx_word' id='word_1_246' title='bbox 730 2860 841 2922; x_wconf 89' lang='lat' dir='ltr'><strong>mensis</strong></span> <span class='ocrx_word' id='word_1_247' title='bbox 862 2823 1111 2934; x_wconf 49' lang='lat' dir='ltr'><strong>ianuariifanuo</strong></span> <span class='ocrx_word' id='word_1_248' title='bbox 1133 2857 1219 2939; x_wconf 78' lang='lat' dir='ltr'><strong>regni</strong></span> <span class='ocrx_word' id='word_1_249' title='bbox 1242 2857 1322 2940; x_wconf 75' lang='lat' dir='ltr'><strong>regis</strong></span> <span class='ocrx_word' id='word_1_250' title='bbox 1342 2855 1463 2921; x_wconf 84' lang='lat' dir='ltr'><strong>Henrici</strong></span> <span class='ocrx_word' id='word_1_251' title='bbox 1485 2861 1562 2922; x_wconf 82' lang='lat' dir='ltr'><strong>sexti</strong></span> <span class='ocrx_word' id='word_1_252' title='bbox 1584 2865 1653 2938; x_wconf 94' lang='lat' dir='ltr'><strong>post</strong></span> <span class='ocrx_word' id='word_1_253' title='bbox 1673 2865 1869 2937; x_wconf 87' lang='lat' dir='ltr'><strong>conquestum</strong></span> <span class='ocrx_word' id='word_1_254' title='bbox 1892 2865 2000 2937; x_wconf 74' lang='lat' dir='ltr'><strong>urrarto</strong></span> <span class='ocrx_word' id='word_1_255' title='bbox 2020 2857 2149 2924; x_wconf 89' lang='lat' dir='ltr'><strong>decimo.</strong></span> <span class='ocrx_word' id='word_1_256' title='bbox 2166 2859 2199 2936; x_wconf 81' lang='lat'><strong>¹)</strong></span> 
     </span>
    </p>

    <p class='ocr_par' dir='ltr' id='par_1_3' title="bbox 413 2951 2246 3654">
     <span class='ocr_line' id='line_1_21' title="bbox 565 2951 2242 3059; baseline 0 -19"><span class='ocrx_word' id='word_1_257' title='bbox 565 2977 691 3058; x_wconf 88' lang='lat' dir='ltr'><strong>iusuper</strong></span> <span class='ocrx_word' id='word_1_258' title='bbox 712 2976 841 3043; x_wconf 80' lang='lat' dir='ltr'><strong>vidimus</strong></span> <span class='ocrx_word' id='word_1_259' title='bbox 863 2983 893 3040; x_wconf 92' lang='lat' dir='ltr'><strong>et</strong></span> <span class='ocrx_word' id='word_1_260' title='bbox 915 2977 1099 3056; x_wconf 82' lang='lat' dir='ltr'><strong>inspeximus</strong></span> <span class='ocrx_word' id='word_1_261' title='bbox 1121 2974 1274 3054; x_wconf 88' lang='lat' dir='ltr'><strong>quoddam</strong></span> <span class='ocrx_word' id='word_1_262' title='bbox 1295 2976 1452 3057; x_wconf 90' lang='lat' dir='ltr'><strong>scriptum,</strong></span> <span class='ocrx_word' id='word_1_263' title='bbox 1474 2976 1587 3058; x_wconf 83' lang='lat' dir='ltr'><strong>sigilio,</strong></span> <span class='ocrx_word' id='word_1_264' title='bbox 1616 2984 1649 3042; x_wconf 89' lang='lat' dir='ltr'><strong>ut</strong></span> <span class='ocrx_word' id='word_1_265' title='bbox 1669 2979 1824 3054; x_wconf 88' lang='lat' dir='ltr'><strong>asseritur,</strong></span> <span class='ocrx_word' id='word_1_266' title='bbox 1846 2951 1963 3041; x_wconf 86' lang='lat' dir='ltr'><strong>Thome</strong></span> <span class='ocrx_word' id='word_1_267' title='bbox 1983 2977 2128 3059; x_wconf 78' lang='lat' dir='ltr'><strong>irowyk,</strong></span> <span class='ocrx_word' id='word_1_268' title='bbox 2151 2982 2242 3042; x_wconf 87' lang='lat' dir='ltr'><strong>arrui-</strong></span> 
     </span>
     <span class='ocr_line' id='line_1_22' title="bbox 414 3094 2243 3180; baseline 0 -20"><span class='ocrx_word' id='word_1_269' title='bbox 414 3099 497 3180; x_wconf 84' lang='lat' dir='ltr'><strong>geri,</strong></span> <span class='ocrx_word' id='word_1_270' title='bbox 524 3097 579 3160; x_wconf 86' lang='lat' dir='ltr'><strong>iiiii</strong></span> <span class='ocrx_word' id='word_1_271' title='bbox 600 3106 630 3162; x_wconf 89' lang='lat' dir='ltr'><strong>ct</strong></span> <span class='ocrx_word' id='word_1_272' title='bbox 650 3095 771 3160; x_wconf 82' lang='lat' dir='ltr'><strong>heredis</strong></span> <span class='ocrx_word' id='word_1_273' title='bbox 793 3095 912 3160; x_wconf 82' lang='lat' dir='ltr'><strong>flenrici</strong></span> <span class='ocrx_word' id='word_1_274' title='bbox 933 3095 1086 3176; x_wconf 81' lang='lat' dir='ltr'><strong>Frowyk,</strong></span> <span class='ocrx_word' id='word_1_275' title='bbox 1115 3111 1212 3175; x_wconf 92' lang='lat' dir='ltr'><strong>nuper</strong></span> <span class='ocrx_word' id='word_1_276' title='bbox 1227 3095 1306 3158; x_wconf 72' lang='lat' dir='ltr'><strong>vciris</strong></span> <span class='ocrx_word' id='word_1_277' title='bbox 1328 3102 1357 3157; x_wconf 92' lang='lat' dir='ltr'><strong>et</strong></span> <span class='ocrx_word' id='word_1_278' title='bbox 1378 3099 1504 3160; x_wconf 90' lang='lat' dir='ltr'><strong>merceri</strong></span> <span class='ocrx_word' id='word_1_279' title='bbox 1525 3112 1561 3160; x_wconf 92' lang='lat' dir='ltr'><strong>ac</strong></span> <span class='ocrx_word' id='word_1_280' title='bbox 1582 3095 1771 3160; x_wconf 79' lang='lat' dir='ltr'><strong>aldermanni</strong></span> <span class='ocrx_word' id='word_1_281' title='bbox 1792 3097 1918 3159; x_wconf 83' lang='lat' dir='ltr'><strong>civitatis</strong></span> <span class='ocrx_word' id='word_1_282' title='bbox 1940 3094 2077 3160; x_wconf 89' lang='lat' dir='ltr'><strong>Londou.</strong></span> <span class='ocrx_word' id='word_1_283' title='bbox 2099 3094 2243 3173; x_wconf 78' lang='lat' dir='ltr'><strong>defuncti,</strong></span> 
     </span>
     <span class='ocr_line' id='line_1_23' title="bbox 414 3210 2245 3302; baseline 0.001 -22"><span class='ocrx_word' id='word_1_284' title='bbox 414 3233 482 3280; x_wconf 89' lang='lat' dir='ltr'><strong>cera</strong></span> <span class='ocrx_word' id='word_1_285' title='bbox 505 3217 598 3282; x_wconf 83' lang='lat' dir='ltr'><strong>rubra</strong></span> <span class='ocrx_word' id='word_1_286' title='bbox 616 3218 766 3296; x_wconf 87' lang='lat' dir='ltr'><strong>impresso</strong></span> <span class='ocrx_word' id='word_1_287' title='bbox 784 3214 960 3296; x_wconf 80' lang='lat' dir='ltr'><strong>sigillatum,</strong></span> <span class='ocrx_word' id='word_1_288' title='bbox 981 3216 1012 3278; x_wconf 92' lang='lat' dir='ltr'><strong>in</strong></span> <span class='ocrx_word' id='word_1_289' title='bbox 1031 3214 1087 3278; x_wconf 88' lang='lat' dir='ltr'><strong>bec</strong></span> <span class='ocrx_word' id='word_1_290' title='bbox 1105 3213 1207 3278; x_wconf 80' lang='lat' dir='ltr'><strong>verba.</strong></span> <span class='ocrx_word' id='word_1_291' title='bbox 1250 3210 1371 3298; x_wconf 79' lang='lat' dir='ltr'><strong>(Folpt</strong></span> <span class='ocrx_word' id='word_1_292' title='bbox 1388 3211 1482 3300; x_wconf 78' lang='lat' dir='ltr'><strong>odc&#39;pe</strong></span> <span class='ocrx_word' id='word_1_293' title='bbox 1501 3210 1880 3282; x_wconf 65' lang='lat' dir='ltr'><strong>neumnensium</strong></span> <span class='ocrx_word' id='word_1_294' title='bbox 1898 3210 2020 3298; x_wconf 76' lang='lat'><strong>1470,</strong></span> <span class='ocrx_word' id='word_1_295' title='bbox 2040 3218 2171 3302; x_wconf 83' lang='lat' dir='ltr'><strong>Aupust</strong></span> <span class='ocrx_word' id='word_1_296' title='bbox 2182 3213 2245 3296; x_wconf 79' lang='grc' dir='ltr'><strong>Θ.)</strong></span> 
     </span>
     <span class='ocr_line' id='line_1_24' title="bbox 413 3331 2245 3418; baseline -0.002 -19"><span class='ocrx_word' id='word_1_297' title='bbox 413 3333 552 3416; x_wconf 90' lang='lat' dir='ltr'><strong>Quorum</strong></span> <span class='ocrx_word' id='word_1_298' title='bbox 581 3333 702 3413; x_wconf 86' lang='lat' dir='ltr'><strong>quidem</strong></span> <span class='ocrx_word' id='word_1_299' title='bbox 731 3337 913 3414; x_wconf 89' lang='lat' dir='ltr'><strong>scriptorum</strong></span> <span class='ocrx_word' id='word_1_300' title='bbox 942 3339 1150 3396; x_wconf 71' lang='lat' dir='ltr'><strong>arcanarum</strong></span> <span class='ocrx_word' id='word_1_301' title='bbox 1177 3331 1380 3412; x_wconf 88' lang='lat' dir='ltr'><strong>predictorum</strong></span> <span class='ocrx_word' id='word_1_302' title='bbox 1408 3341 1527 3397; x_wconf 89' lang='lat' dir='ltr'><strong>tenores</strong></span> <span class='ocrx_word' id='word_1_303' title='bbox 1553 3332 1591 3398; x_wconf 89' lang='lat' dir='ltr'><strong>de</strong></span> <span class='ocrx_word' id='word_1_304' title='bbox 1616 3335 1709 3398; x_wconf 88' lang='lat' dir='ltr'><strong>verbo</strong></span> <span class='ocrx_word' id='word_1_305' title='bbox 1731 3336 1761 3398; x_wconf 93' lang='lat' dir='ltr'><strong>iu</strong></span> <span class='ocrx_word' id='word_1_306' title='bbox 1783 3335 1906 3398; x_wconf 80' lang='lat' dir='ltr'><strong>uerbum</strong></span> <span class='ocrx_word' id='word_1_307' title='bbox 1935 3336 1992 3399; x_wconf 89' lang='lat' dir='ltr'><strong>sub</strong></span> <span class='ocrx_word' id='word_1_308' title='bbox 2020 3335 2122 3418; x_wconf 84' lang='lat' dir='ltr'><strong>sigilio</strong></span> <span class='ocrx_word' id='word_1_309' title='bbox 2152 3335 2245 3400; x_wconf 81' lang='lat' dir='ltr'><strong>officii</strong></span> 
     </span>
     <span class='ocr_line' id='line_1_25' title="bbox 416 3433 2246 3533; baseline 0.001 -15"><span class='ocrx_word' id='word_1_310' title='bbox 416 3433 511 3521; x_wconf 79' lang='lat' dir='ltr'><strong>nostri</strong></span> <span class='ocrx_word' id='word_1_311' title='bbox 539 3455 704 3518; x_wconf 86' lang='lat' dir='ltr'><strong>maioratus</strong></span> <span class='ocrx_word' id='word_1_312' title='bbox 734 3453 864 3516; x_wconf 90' lang='lat' dir='ltr'><strong>ciuitatis</strong></span> <span class='ocrx_word' id='word_1_313' title='bbox 893 3453 1027 3533; x_wconf 89' lang='lat' dir='ltr'><strong>predicte</strong></span> <span class='ocrx_word' id='word_1_314' title='bbox 1055 3450 1196 3516; x_wconf 84' lang='lat' dir='ltr'><strong>duximus</strong></span> <span class='ocrx_word' id='word_1_315' title='bbox 1217 3451 1481 3530; x_wconf 79' lang='lat' dir='ltr'><strong>exemplificandos</strong></span> <span class='ocrx_word' id='word_1_316' title='bbox 1502 3468 1559 3532; x_wconf 87' lang='lat' dir='ltr'><strong>per</strong></span> <span class='ocrx_word' id='word_1_317' title='bbox 1579 3462 1745 3532; x_wconf 84' lang='lat' dir='ltr'><strong>presentes.</strong></span> <span class='ocrx_word' id='word_1_318' title='bbox 1788 3452 1941 3533; x_wconf 89' lang='lat' dir='ltr'><strong>Scriptum</strong></span> <span class='ocrx_word' id='word_1_319' title='bbox 1962 3452 2117 3531; x_wconf 80' lang='lat' dir='ltr'><strong>bordon,</strong></span> <span class='ocrx_word' id='word_1_320' title='bbox 2152 3454 2246 3520; x_wconf 89' lang='lat' dir='ltr'><strong>uude-</strong></span> 
     </span>
     <span class='ocr_line' id='line_1_26' title="bbox 414 3568 2031 3654; baseline 0.001 -18"><span class='ocrx_word' id='word_1_321' title='bbox 414 3576 493 3638; x_wconf 91' lang='lat' dir='ltr'><strong>cimo</strong></span> <span class='ocrx_word' id='word_1_322' title='bbox 514 3573 563 3638; x_wconf 88' lang='lat' dir='ltr'><strong>die</strong></span> <span class='ocrx_word' id='word_1_323' title='bbox 584 3573 696 3638; x_wconf 87' lang='lat' dir='ltr'><strong>mensis</strong></span> <span class='ocrx_word' id='word_1_324' title='bbox 717 3571 857 3654; x_wconf 78' lang='lat' dir='ltr'><strong>Augusti,</strong></span> <span class='ocrx_word' id='word_1_325' title='bbox 880 3587 961 3634; x_wconf 87' lang='lat' dir='ltr'><strong>anno</strong></span> <span class='ocrx_word' id='word_1_326' title='bbox 982 3571 1068 3654; x_wconf 78' lang='lat' dir='ltr'><strong>regui</strong></span> <span class='ocrx_word' id='word_1_327' title='bbox 1090 3573 1172 3653; x_wconf 80' lang='lat' dir='ltr'><strong>regis</strong></span> <span class='ocrx_word' id='word_1_328' title='bbox 1193 3569 1338 3636; x_wconf 86' lang='lat' dir='ltr'><strong>Edwardi</strong></span> <span class='ocrx_word' id='word_1_329' title='bbox 1359 3568 1469 3651; x_wconf 88' lang='lat' dir='ltr'><strong>Quarti</strong></span> <span class='ocrx_word' id='word_1_330' title='bbox 1490 3580 1559 3652; x_wconf 91' lang='lat' dir='ltr'><strong>post</strong></span> <span class='ocrx_word' id='word_1_331' title='bbox 1580 3582 1777 3654; x_wconf 87' lang='lat' dir='ltr'><strong>conquestum</strong></span> <span class='ocrx_word' id='word_1_332' title='bbox 1797 3574 2031 3654; x_wconf 80' lang='lat' dir='ltr'><strong>quintodecimo.</strong></span> 
     </span>
    </p>

    <p class='ocr_par' dir='ltr' id='par_1_4' title="bbox 1777 3691 2089 3776">
     <span class='ocr_line' id='line_1_27' title="bbox 1777 3691 2089 3776; baseline 0.006 -20"><span class='ocrx_word' id='word_1_333' title='bbox 1777 3691 1937 3758; x_wconf 86' lang='lat' dir='ltr'><strong>buntborn</strong></span> <span class='ocrx_word' id='word_1_334' title='bbox 1959 3695 2089 3776; x_wconf 91' lang='lat' dir='ltr'><strong>scripsit.</strong></span> 
     </span>
    </p>
   </div>
   <div class='ocr_carea' id='block_1_2' title="bbox 416 3943 2244 4206">
    <p class='ocr_par' dir='ltr' id='par_1_5' title="bbox 416 3943 2244 4206">
     <span class='ocr_line' id='line_1_28' title="bbox 416 3943 2244 4056; baseline 0.001 -22"><span class='ocrx_word' id='word_1_335' title='bbox 416 3943 643 4034; x_wconf 79' lang='lat' dir='ltr'><strong>CXXXV.</strong></span> <span class='ocrx_word' id='word_1_336' title='bbox 690 3952 924 4056; x_wconf 77' lang='lat' dir='ltr'><strong>Beetodhcnp</strong></span> <span class='ocrx_word' id='word_1_337' title='bbox 951 3950 1019 4054; x_wconf 84' lang='lat' dir='ltr'><strong>fitr</strong></span> <span class='ocrx_word' id='word_1_338' title='bbox 1050 3951 1126 4030; x_wconf 84' lang='lat' dir='ltr'><strong>dou</strong></span> <span class='ocrx_word' id='word_1_339' title='bbox 1156 3947 1356 4033; x_wconf 81' lang='lat' dir='ltr'><strong>Secretoir</strong></span> <span class='ocrx_word' id='word_1_340' title='bbox 1386 3953 1458 4033; x_wconf 83' lang='lat' dir='ltr'><strong>deo</strong></span> <span class='ocrx_word' id='word_1_341' title='bbox 1486 3951 1730 4055; x_wconf 79' lang='lat' dir='ltr'><strong>Koufmouuo</strong></span> <span class='ocrx_word' id='word_1_342' title='bbox 1758 3977 1806 4032; x_wconf 75' lang='lat' dir='ltr'><strong>ou</strong></span> <span class='ocrx_word' id='word_1_343' title='bbox 1835 3953 2013 4056; x_wconf 79' lang='lat' dir='ltr'><strong>boudou,</strong></span> <span class='ocrx_word' id='word_1_344' title='bbox 2045 3953 2244 4036; x_wconf 82' lang='lat' dir='ltr'><strong>Hermoton</strong></span> 
     </span>
     <span class='ocr_line' id='line_1_29' title="bbox 995 4101 1658 4206; baseline -0.002 -23"><span class='ocrx_word' id='word_1_345' title='bbox 995 4104 1209 4184; x_wconf 83' lang='lat' dir='ltr'><strong>Weuomuic.</strong></span> <span class='ocrx_word' id='word_1_346' title='bbox 1271 4102 1388 4204; x_wconf 71' lang='lat'><strong>1476,</strong></span> <span class='ocrx_word' id='word_1_347' title='bbox 1420 4105 1514 4184; x_wconf 68' lang='lat' dir='ltr'><strong>June?</strong></span> <span class='ocrx_word' id='word_1_348' title='bbox 1536 4103 1603 4184; x_wconf 89' lang='grc'><strong>23.</strong></span> <span class='ocrx_word' id='word_1_349' title='bbox 1622 4101 1658 4206; x_wconf 75' lang='lat'><strong>⁹]</strong></span> 
     </span>
    </p>
   </div>
   <div class='ocr_carea' id='block_1_3' title="bbox 413 4282 2242 4962">
    <p class='ocr_par' dir='ltr' id='par_1_6' title="bbox 413 4282 2242 4962">
     <span class='ocr_line' id='line_1_30' title="bbox 498 4282 2157 4377; baseline 0.001 -23"><span class='ocrx_word' id='word_1_350' title='bbox 498 4285 623 4355; x_wconf 80' lang='lat' dir='ltr'><strong>Disseo</strong></span> <span class='ocrx_word' id='word_1_351' title='bbox 646 4283 722 4369; x_wconf 78' lang='lat' dir='ltr'><strong>bref</strong></span> <span class='ocrx_word' id='word_1_352' title='bbox 738 4283 857 4352; x_wconf 81' lang='lat' dir='ltr'><strong>beddcrc</strong></span> <span class='ocrx_word' id='word_1_353' title='bbox 879 4282 919 4352; x_wconf 86' lang='lat' dir='ltr'><strong>dc</strong></span> <span class='ocrx_word' id='word_1_354' title='bbox 938 4305 1089 4371; x_wconf 77' lang='lat' dir='ltr'><strong>pcmcuen</strong></span> <span class='ocrx_word' id='word_1_355' title='bbox 1113 4282 1199 4354; x_wconf 82' lang='lat' dir='ltr'><strong>stede</strong></span> <span class='ocrx_word' id='word_1_356' title='bbox 1220 4283 1278 4351; x_wconf 82' lang='lat' dir='ltr'><strong>der</strong></span> <span class='ocrx_word' id='word_1_357' title='bbox 1298 4282 1446 4352; x_wconf 80' lang='lat' dir='ltr'><strong>Hormou</strong></span> <span class='ocrx_word' id='word_1_358' title='bbox 1473 4283 1663 4352; x_wconf 84' lang='lat' dir='ltr'><strong>Wuumotcu</strong></span> <span class='ocrx_word' id='word_1_359' title='bbox 1683 4305 1835 4374; x_wconf 82' lang='lat' dir='ltr'><strong>popeucu,</strong></span> <span class='ocrx_word' id='word_1_360' title='bbox 1858 4286 1898 4353; x_wconf 86' lang='lat' dir='ltr'><strong>dc</strong></span> <span class='ocrx_word' id='word_1_361' title='bbox 1920 4287 1976 4356; x_wconf 84' lang='lat' dir='ltr'><strong>des</strong></span> <span class='ocrx_word' id='word_1_362' title='bbox 1998 4287 2157 4377; x_wconf 81' lang='lat' dir='ltr'><strong>dopmnus</strong></span> 
     </span>
     <span class='ocr_line' id='line_1_31' title="bbox 951 4401 1707 4490; baseline 0.001 -19"><span class='ocrx_word' id='word_1_363' title='bbox 951 4415 981 4471; x_wconf 91' lang='lat' dir='ltr'><strong>to</strong></span> <span class='ocrx_word' id='word_1_364' title='bbox 1005 4402 1144 4472; x_wconf 84' lang='lat' dir='ltr'><strong>Loudeu</strong></span> <span class='ocrx_word' id='word_1_365' title='bbox 1166 4401 1356 4472; x_wconf 83' lang='lat' dir='ltr'><strong>cclcrctories</strong></span> <span class='ocrx_word' id='word_1_366' title='bbox 1377 4401 1475 4490; x_wconf 70' lang='lat' dir='ltr'><strong>plocio</strong></span> <span class='ocrx_word' id='word_1_367' title='bbox 1496 4415 1528 4470; x_wconf 89' lang='lat' dir='ltr'><strong>to</strong></span> <span class='ocrx_word' id='word_1_368' title='bbox 1549 4403 1707 4472; x_wconf 79' lang='lat' dir='ltr'><strong>succendo.</strong></span> 
     </span>
     <span class='ocr_line' id='line_1_32' title="bbox 565 4522 2242 4606; baseline 0.002 -16"><span class='ocrx_word' id='word_1_369' title='bbox 565 4526 674 4590; x_wconf 86' lang='lat' dir='ltr'><strong>Witiiir</strong></span> <span class='ocrx_word' id='word_1_370' title='bbox 696 4526 754 4590; x_wconf 82' lang='lat' dir='ltr'><strong>und</strong></span> <span class='ocrx_word' id='word_1_371' title='bbox 777 4524 913 4604; x_wconf 87' lang='lat' dir='ltr'><strong>apenber</strong></span> <span class='ocrx_word' id='word_1_372' title='bbox 933 4541 969 4605; x_wconf 78' lang='lat' dir='ltr'><strong>sy</strong></span> <span class='ocrx_word' id='word_1_373' title='bbox 991 4523 1052 4588; x_wconf 88' lang='lat' dir='ltr'><strong>aile</strong></span> <span class='ocrx_word' id='word_1_374' title='bbox 1073 4523 1256 4602; x_wconf 88' lang='lat' dir='ltr'><strong>deniennen,</strong></span> <span class='ocrx_word' id='word_1_375' title='bbox 1287 4522 1325 4587; x_wconf 90' lang='lat' dir='ltr'><strong>de</strong></span> <span class='ocrx_word' id='word_1_376' title='bbox 1347 4523 1427 4588; x_wconf 86' lang='lat' dir='ltr'><strong>disse</strong></span> <span class='ocrx_word' id='word_1_377' title='bbox 1449 4522 1573 4588; x_wconf 86' lang='lat' dir='ltr'><strong>sobriite</strong></span> <span class='ocrx_word' id='word_1_378' title='bbox 1602 4541 1655 4588; x_wconf 89' lang='lat' dir='ltr'><strong>scu</strong></span> <span class='ocrx_word' id='word_1_379' title='bbox 1677 4526 1735 4590; x_wconf 82' lang='lat' dir='ltr'><strong>und</strong></span> <span class='ocrx_word' id='word_1_380' title='bbox 1758 4527 1853 4591; x_wconf 90' lang='lat' dir='ltr'><strong>boren</strong></span> <span class='ocrx_word' id='word_1_381' title='bbox 1876 4527 1969 4606; x_wconf 86' lang='lat' dir='ltr'><strong>lesen,</strong></span> <span class='ocrx_word' id='word_1_382' title='bbox 1992 4528 2044 4593; x_wconf 90' lang='lat' dir='ltr'><strong>dat</strong></span> <span class='ocrx_word' id='word_1_383' title='bbox 2064 4530 2103 4595; x_wconf 89' lang='lat' dir='ltr'><strong>do</strong></span> <span class='ocrx_word' id='word_1_384' title='bbox 2125 4547 2242 4596; x_wconf 73' lang='lat' dir='ltr'><strong>emme</strong></span> 
     </span>
     <span class='ocr_line' id='line_1_33' title="bbox 413 4641 2241 4727; baseline 0.004 -20"><span class='ocrx_word' id='word_1_385' title='bbox 413 4645 468 4709; x_wconf 88' lang='lat' dir='ltr'><strong>her</strong></span> <span class='ocrx_word' id='word_1_386' title='bbox 489 4643 636 4712; x_wconf 75' lang='lat' dir='ltr'><strong>Hormou</strong></span> <span class='ocrx_word' id='word_1_387' title='bbox 665 4642 849 4720; x_wconf 87' lang='lat' dir='ltr'><strong>Woumote,</strong></span> <span class='ocrx_word' id='word_1_388' title='bbox 872 4642 925 4707; x_wconf 90' lang='lat' dir='ltr'><strong>des</strong></span> <span class='ocrx_word' id='word_1_389' title='bbox 947 4643 1097 4723; x_wconf 84' lang='lat' dir='ltr'><strong>kopmans</strong></span> <span class='ocrx_word' id='word_1_390' title='bbox 1118 4653 1149 4707; x_wconf 95' lang='lat' dir='ltr'><strong>to</strong></span> <span class='ocrx_word' id='word_1_391' title='bbox 1170 4641 1293 4706; x_wconf 89' lang='lat' dir='ltr'><strong>Lundeu</strong></span> <span class='ocrx_word' id='word_1_392' title='bbox 1315 4645 1346 4707; x_wconf 93' lang='lat' dir='ltr'><strong>iu</strong></span> <span class='ocrx_word' id='word_1_393' title='bbox 1368 4642 1498 4727; x_wconf 81' lang='lat' dir='ltr'><strong>lingiant</strong></span> <span class='ocrx_word' id='word_1_394' title='bbox 1519 4647 1705 4723; x_wconf 84' lang='lat' dir='ltr'><strong>secretarios,</strong></span> <span class='ocrx_word' id='word_1_395' title='bbox 1728 4663 1767 4726; x_wconf 83' lang='lat' dir='ltr'><strong>tp</strong></span> <span class='ocrx_word' id='word_1_396' title='bbox 1788 4646 1844 4710; x_wconf 93' lang='lat' dir='ltr'><strong>der</strong></span> <span class='ocrx_word' id='word_1_397' title='bbox 1865 4646 2002 4712; x_wconf 84' lang='lat' dir='ltr'><strong>daobiart</strong></span> <span class='ocrx_word' id='word_1_398' title='bbox 2024 4665 2102 4713; x_wconf 89' lang='lat' dir='ltr'><strong>anno</strong></span> <span class='ocrx_word' id='word_1_399' title='bbox 2124 4649 2241 4716; x_wconf 70' lang='lat' dir='ltr'>LXXV!</span> 
     </span>
     <span class='ocr_line' id='line_1_34' title="bbox 415 4761 2241 4845; baseline 0.004 -21"><span class='ocrx_word' id='word_1_400' title='bbox 415 4762 637 4843; x_wconf 77' lang='lat' dir='ltr'><strong>ussunuonis,</strong></span> <span class='ocrx_word' id='word_1_401' title='bbox 672 4763 709 4828; x_wconf 90' lang='lat' dir='ltr'><strong>de</strong></span> <span class='ocrx_word' id='word_1_402' title='bbox 736 4772 766 4826; x_wconf 95' lang='lat' dir='ltr'><strong>to</strong></span> <span class='ocrx_word' id='word_1_403' title='bbox 794 4763 914 4828; x_wconf 85' lang='lat' dir='ltr'><strong>Lubeire</strong></span> <span class='ocrx_word' id='word_1_404' title='bbox 941 4762 979 4826; x_wconf 89' lang='lat' dir='ltr'><strong>de</strong></span> <span class='ocrx_word' id='word_1_405' title='bbox 1006 4777 1150 4845; x_wconf 85' lang='lat' dir='ltr'><strong>gemeucn</strong></span> <span class='ocrx_word' id='word_1_406' title='bbox 1177 4761 1354 4830; x_wconf 82' lang='lat' dir='ltr'><strong>hensestede</strong></span> <span class='ocrx_word' id='word_1_407' title='bbox 1387 4764 1526 4826; x_wconf 79' lang='lat' dir='ltr'><strong>betcbent</strong></span> <span class='ocrx_word' id='word_1_408' title='bbox 1554 4764 1612 4828; x_wconf 93' lang='lat' dir='ltr'><strong>deu</strong></span> <span class='ocrx_word' id='word_1_409' title='bbox 1640 4763 1756 4828; x_wconf 83' lang='lat' dir='ltr'><strong>erlilren</strong></span> <span class='ocrx_word' id='word_1_410' title='bbox 1783 4764 1872 4830; x_wconf 89' lang='lat' dir='ltr'><strong>rades</strong></span> <span class='ocrx_word' id='word_1_411' title='bbox 1898 4765 2089 4831; x_wconf 88' lang='lat' dir='ltr'><strong>scudebadeu</strong></span> <span class='ocrx_word' id='word_1_412' title='bbox 2116 4767 2173 4834; x_wconf 87' lang='lat' dir='ltr'><strong>dar</strong></span> <span class='ocrx_word' id='word_1_413' title='bbox 2199 4768 2241 4832; x_wconf 89' lang='lat' dir='ltr'><strong>do</strong></span> 
     </span>
     <span class='ocr_line' id='line_1_35' title="bbox 414 4879 2242 4962; baseline 0.004 -16"><span class='ocrx_word' id='word_1_414' title='bbox 414 4882 570 4961; x_wconf 88' lang='lat' dir='ltr'><strong>weseude,</strong></span> <span class='ocrx_word' id='word_1_415' title='bbox 603 4885 633 4948; x_wconf 90' lang='lat' dir='ltr'><strong>in</strong></span> <span class='ocrx_word' id='word_1_416' title='bbox 662 4882 835 4949; x_wconf 89' lang='lat' dir='ltr'><strong>biweseudc</strong></span> <span class='ocrx_word' id='word_1_417' title='bbox 868 4881 923 4946; x_wconf 92' lang='lat' dir='ltr'><strong>der</strong></span> <span class='ocrx_word' id='word_1_418' title='bbox 956 4881 1071 4949; x_wconf 84' lang='lat' dir='ltr'><strong>erlikcu</strong></span> <span class='ocrx_word' id='word_1_419' title='bbox 1104 4881 1289 4961; x_wconf 81' lang='lat' dir='ltr'><strong>deputordeu</strong></span> <span class='ocrx_word' id='word_1_420' title='bbox 1317 4879 1371 4946; x_wconf 91' lang='lat' dir='ltr'><strong>des</strong></span> <span class='ocrx_word' id='word_1_421' title='bbox 1403 4883 1552 4962; x_wconf 82' lang='lat' dir='ltr'><strong>kopmans</strong></span> <span class='ocrx_word' id='word_1_422' title='bbox 1580 4891 1610 4946; x_wconf 94' lang='lat' dir='ltr'><strong>to</strong></span> <span class='ocrx_word' id='word_1_423' title='bbox 1637 4879 1774 4961; x_wconf 80' lang='lat' dir='ltr'><strong>Luudeu,</strong></span> <span class='ocrx_word' id='word_1_424' title='bbox 1814 4883 1883 4948; x_wconf 85' lang='lat' dir='ltr'><strong>aizo</strong></span> <span class='ocrx_word' id='word_1_425' title='bbox 1910 4885 1941 4948; x_wconf 92' lang='lat' dir='ltr'><strong>bi</strong></span> <span class='ocrx_word' id='word_1_426' title='bbox 1968 4901 2094 4952; x_wconf 84' lang='lat' dir='ltr'><strong>namen:</strong></span> <span class='ocrx_word' id='word_1_427' title='bbox 2138 4885 2242 4954; x_wconf 77' lang='lat' dir='ltr'><strong>Arent</strong></span> 
     </span>
    </p>
   </div>
   <div class='ocr_carea' id='block_1_4' title="bbox 570 5149 1733 5322">
    <p class='ocr_par' dir='ltr' id='par_1_7' title="bbox 570 5149 1733 5322">
     <span class='ocr_line' id='line_1_36' title="bbox 570 5149 873 5216; baseline -0.003 -14"><span class='ocrx_word' id='word_1_428' title='bbox 570 5154 577 5186; x_wconf 93' lang='lat'><strong>¹</strong></span> <span class='ocrx_word' id='word_1_429' title='bbox 622 5149 696 5216; x_wconf 76' lang='grc'>1436,</span> <span class='ocrx_word' id='word_1_430' title='bbox 713 5154 812 5205; x_wconf 80' lang='lat' dir='ltr'><strong>Jennur</strong></span> <span class='ocrx_word' id='word_1_431' title='bbox 832 5149 873 5205; x_wconf 83' lang='lat' dir='ltr'><strong>ld.</strong></span> 
     </span>
     <span class='ocr_line' id='line_1_37' title="bbox 570 5151 1733 5322; baseline 0.003 -16"><span class='ocrx_word' id='word_1_432' title='bbox 570 5151 596 5320; x_wconf 53' lang='grc' dir='ltr'><strong>’ζ</strong></span> <span class='ocrx_word' id='word_1_433' title='bbox 622 5252 682 5307; x_wconf 75' lang='lat' dir='ltr'><strong>Ans</strong></span> <span class='ocrx_word' id='word_1_434' title='bbox 700 5253 746 5307; x_wconf 84' lang='lat' dir='ltr'><strong>der</strong></span> <span class='ocrx_word' id='word_1_435' title='bbox 764 5235 936 5312; x_wconf 78' lang='lat' dir='ltr'><strong>uanmcu&#39;rttc</strong></span> <span class='ocrx_word' id='word_1_436' title='bbox 952 5255 999 5308; x_wconf 88' lang='lat' dir='ltr'><strong>der</strong></span> <span class='ocrx_word' id='word_1_437' title='bbox 1016 5256 1236 5322; x_wconf 74' lang='lat' dir='ltr'><strong>nemompscuen</strong></span> <span class='ocrx_word' id='word_1_438' title='bbox 1255 5253 1576 5310; x_wconf 76' lang='lat' dir='ltr'><strong>commeta-bibitotbek.</strong></span> <span class='ocrx_word' id='word_1_439' title='bbox 1600 5256 1657 5310; x_wconf 73' lang='lat' dir='ltr'><strong>rot.</strong></span> <span class='ocrx_word' id='word_1_440' title='bbox 1671 5252 1733 5322; x_wconf 58' lang='lat' dir='ltr'><strong>db}</strong></span> 
     </span>
    </p>
   </div>
   <div class='ocr_carea' id='block_1_5' title="bbox 0 0 2438 6261">
    <p class='ocr_par' dir='ltr' id='par_1_8' title="bbox 0 0 2438 6261">
     <span class='ocr_line' id='line_1_38' title="bbox 0 0 2438 6261; baseline 0 0"><span class='ocrx_word' id='word_1_441' title='bbox 0 0 2438 6261; x_wconf 95' lang='lat' dir='ltr'><strong> </strong></span> 
     </span>
    </p>
   </div>
  </div>
 </body>
</html>
