4862 6266
419 571 505 656 162
1200 552 1461 640 litto-1487.

419 856 475 921 beo
497 855 598 920 rerba.
641 853 660 936 (
670 851 767 942 Foipt
796 851 849 920 die
875 852 968 942 obipe
990 849 1054 920 No.
1080 849 1263 936 extri.)
1306 853 1366 918 Nos
1388 861 1487 918 autern
1509 853 1566 918 bas
1587 851 1749 934 predictas,
1772 867 1808 916 ae
1829 852 1931 916 omnia
1953 857 1983 914 et
2004 849 2124 934 sinpuia
2139 852 2171 912 in
2189 850 2246 914 eie

418 976 486 1040 dem
508 982 659 1052 contenta,
682 984 748 1039 rata
770 974 915 1038 babentes
937 981 966 1037 et
986 981 1086 1055 grata,
1108 989 1143 1036 ea
1167 989 1223 1051 pro
1246 975 1333 1038 nobis
1355 980 1384 1036 et
1405 970 1565 1036 heredibus
1587 973 1708 1048 uostris,
1732 978 1876 1055 quantum
1899 973 1931 1032 in
1953 969 2040 1032 nobis
2062 978 2118 1046 est,
2139 984 2246 1048 aceep-

419 1103 518 1158 tamus
539 1102 568 1158 et
590 1094 805 1173 approbamus,
828 1109 864 1156 ao
886 1089 1012 1171 pretatis
1035 1092 1252 1156 mercatoribus
1272 1090 1371 1154 Hense
1393 1091 1527 1170 predicte
1555 1099 1711 1154 eteorum
1738 1089 1964 1153 successoribus
1996 1095 2100 1150 tenore
2124 1103 2246 1165 presen-

419 1215 492 1278 tium
516 1213 698 1278 ratificamus
720 1219 750 1276 et
770 1211 993 1288 confirmemus,
1016 1219 1107 1292 prout
1127 1210 1214 1274 iitere
1235 1210 1370 1290 predicte
1391 1209 1611 1274 rationabiliter
1631 1215 1787 1272 testarum.
1831 1207 1864 1272 in
1886 1211 1973 1272 entus
1987 1210 2030 1270 roi
2044 1207 2248 1270 testimonium

418 1331 475 1396 iras
497 1331 601 1396 literas
622 1339 742 1396 nosbas
763 1331 829 1394 iteri
850 1328 977 1394 ieoimns
999 1335 1144 1409 petentes.
1195 1327 1285 1394 Teste
1312 1333 1470 1410 meipso,
1503 1328 1585 1408 apud
1611 1317 1930 1403 Westmonesterinm‚
1965 1325 2059 1389 xxtx
2087 1323 2247 1400 diatoni,

418 1466 500 1514 anuo
520 1451 607 1532 regni
628 1451 724 1514 nurui
745 1451 856 1530 prino.

418 1703 596 1791 CXLV.
647 1709 863 1815 Qreoopen
886 1712 957 1790 der
971 1709 1127 1789 Priorr'u
1149 1735 1197 1788 so
1213 1709 1270 1790 St.
1287 1707 1437 1790 Marion
1459 1715 1501 1790 ia
1517 1705 1770 1790 Cierleenroeli
1788 1708 1884 1788 tiber
1907 1709 1970 1787 die
1995 1705 2248 1812 ompfonpene

914 1861 1039 1942 aare
1068 1888 1153 1942 vom
1183 1860 1399 1966 sentosa.
1460 1861 1750 1943 raso-mer.

567 2045 714 2110 Nouerint
737 2047 867 2110 uniuersi
889 2059 945 2108 noa
966 2043 1138 2108 Katennam
1160 2041 1269 2122 (irene,
1292 2047 1472 2123 priorissam
1494 2045 1602 2110 domus
1630 2045 1716 2108 beate
1738 2043 1832 2108 bierie
1853 2043 1892 2107 de
1919 2042 2133 2118 Gteutenwett
2163 2057 2246 2104 rere·

416 2165 499 2245 pisse
520 2173 550 2227 et
571 2163 714 2230 babuisse
734 2164 783 2230 die
804 2162 1005 2228 eonteeeionis
1032 2157 1045 2245 ii
1068 2163 1259 2241 presencium
1280 2161 1319 2227 tie
1339 2163 1477 2228 iohanne
1498 2161 1600 2242 State,
1629 2163 1827 2228 attremanno
1849 2163 1887 2226 tie
1908 2158 2089 2248 streperos
2112 2159 2246 2224 london

416 2283 695 2367 trigintaquinque
722 2281 838 2348 solidos
870 2299 927 2363 pro
960 2285 1061 2361 quieto
1094 2280 1212 2346 reddito
1246 2289 1373 2346 exeunte
1401 2281 1440 2346 rte
1472 2285 1650 2348 tenementis
1687 2283 1750 2347 suis
1781 2283 1820 2347 de
1841 2281 2010 2363 Stiteyerue
2040 2281 2175 2344 eiusdem
2207 2282 2247 2343 si·

417 2409 499 2470 tueta
522 2405 552 2466 iu
573 2403 721 2482 peroobia
735 2399 881 2468 Omnium
896 2398 1076 2466 &uotorum
1098 2397 1344 2481 deiieywberie‚
1368 2401 1506 2465 ribeiieet
1526 2417 1584 2481 pro
1607 2418 1664 2465 vno
1686 2418 1768 2466 anno
1778 2403 1897 2484 integro
1909 2401 2011 2464 ritime
2020 2401 2165 2480 preterito
2178 2407 2248 2463 ante

415 2521 519 2588 iatum
541 2525 735 2602 presentium.
780 2519 815 2586 in
836 2519 923 2584 ouius
944 2519 989 2584 rei
1010 2519 1211 2584 testimonium
1232 2521 1421 2601 presentibus
1447 2521 1583 2603 sigilium
1611 2519 1701 2584 offleii
1727 2523 1823 2586 nostri
1844 2529 1890 2584 est
1910 2521 2094 2601 appositum.
2137 2517 2246 2582 Oetum

417 2645 448 2706 in
469 2641 603 2706 orasbno
625 2638 750 2716 unere,
772 2655 852 2702 anno
874 2639 961 2718 regni
982 2639 1064 2720 regis
1086 2636 1230 2703 Edwardt
1252 2642 1353 2719 quarti
1374 2639 1527 2703 rieoeimo.
1544 2641 1578 2719 ¹)

570 2755 716 2822 Nouerint
748 2757 879 2822 uniuersi
909 2771 957 2820 me
989 2755 1162 2822 Katerinem
1185 2757 1302 2836 Graue,
1324 2761 1503 2839 priorissam
1526 2743 1635 2824 domus
1656 2759 1742 2824 beete
1763 2758 1859 2824 iterio
1879 2758 1918 2823 ue
1942 2758 2164 2838 Cierienweti,
2199 2775 2247 2821 re-

417 2877 533 2956 cepisse
544 2885 573 2941 et
584 2875 725 2942 babuisse
737 2875 786 2940 die
805 2873 1006 2942 oouieooionis
1033 2871 1045 2958 [Ι
1069 2877 1260 2954 presencium
1273 2876 1698 2959 (neptternennot’towgbr,
1720 2877 1918 2942 aldremanno
1938 2875 2246 2959 nestiteyerdeLon-

415 2996 487 3060 don.
512 2997 634 3079 triginta
656 2996 789 3075 quinque
812 2994 928 3058 solidos
960 3009 1018 3072 pro
1050 3000 1196 3074 quotenni
1228 2995 1347 3059 redditu
1379 3005 1505 3060 exeunte
1536 2997 1574 3060 de
1597 2993 1778 3082 Stileperde
1813 2996 1966 3076 predicta,
1993 2999 2101 3060 situata
2123 2999 2154 3060 in
2175 3013 2247 3078 par·

416 3116 505 3179 nebia
528 3112 672 3178 Omnium
695 3110 873 3178 Sanctorum
895 3113 934 3177 rie
954 3109 1147 3195 iieywbarie,
1170 3114 1307 3179 videlieet
1328 3132 1385 3196 pro
1415 3133 1472 3178 rno
1494 3132 1575 3178 euno
1597 3118 1715 3198 integro
1743 3115 1845 3178 ribme
1872 3119 2017 3198 preterito
2045 3123 2113 3179 ente
2141 3116 2244 3187 datum

415 3235 618 3314 presencium.
662 3231 694 3296 in
725 3235 811 3296 euius
839 3235 883 3295 rei
909 3233 1113 3296 testimonium
1141 3233 1331 3311 presentibus
1359 3229 1494 3316 sigilium
1521 3233 1613 3297 oiiioii
1643 3237 1740 3298 nostri
1767 3242 1813 3298 eet
1841 3237 2025 3317 appositum.
2074 3235 2182 3300 Datum
2212 3237 2243 3299 in

414 3355 548 3418 erastino
569 3351 695 3428 Pesebe
718 3369 799 3421 anuo
820 3356 907 3435 regni
929 3353 1012 3436 regis
1033 3349 1155 3418 iiioardi
1178 3353 1262 3420 tercii
1284 3351 1477 3431 seponunt)

565 3471 712 3534 Nouerint
744 3471 875 3536 ruinersi
914 3486 962 3534 me
993 3468 1167 3534 Katerinem
1200 3469 1316 3547 (irene,
1349 3471 1527 3551 priorissam
1560 3475 1669 3538 domus
1708 3474 1793 3538 beate
1825 3475 1920 3540 biario
1961 3477 1999 3540 de
2031 3474 2242 3553 Cierirenweii,

414 3590 564 3671 recepisse
606 3599 635 3653 et
677 3588 819 3653 babuisse
862 3589 911 3652 die
954 3588 1155 3654 eonieooionis
1198 3592 1387 3671 presencium
1425 3593 1436 3672 ΙΙ
1473 3591 1511 3654 tie
1552 3591 1726 3657 Hermanno
1769 3592 1936 3680 Piowgbt,·
1965 3595 2162 3662 aldremanno
2206 3596 2243 3661 tie

361 3769 366 3781 ,
414 3709 599 3792 Esteriinges
641 3708 679 3772 de
719 3705 900 3796 Stiieperde
943 3705 1077 3772 wadon.
1118 3695 1243 3794 iiiginte
1282 3713 1414 3790 quinque
1450 3710 1564 3776 sottuos
1602 3729 1659 3792 pro
1704 3715 1850 3793 quotenni
1889 3715 2007 3780 redditu
2044 3723 2170 3780 eretrnte
2206 3715 2242 3778 rie

414 3829 590 3891 tenementis
613 3828 650 3891 de
672 3824 839 3908 Stiieyarrie
868 3825 1016 3908 predicta,
1043 3829 1153 3892 situata
1175 3831 1206 3891 in
1227 3829 1373 3910 parocbia
1395 3828 1539 3894 Omnium
1561 3828 1740 3898 Senomrum
1770 3833 1807 3896 rie
1829 3833 1988 3914 Heywart,
2023 3833 2160 3900 rideiioet
2185 3851 2240 3916 pro

414 3961 472 4008 vno
501 3962 582 4008 anno
611 3947 729 4028 integro
757 3945 859 4009 rttime
890 3947 1035 4026 preterito
1067 3955 1136 4011 ente
1169 3947 1272 4012 datum
1304 3952 1508 4028 presencium.
1557 3949 1588 4012 in
1622 3953 1708 4014 ouius
1740 3953 1785 4018 rei
1818 3955 2021 4017 testimonium
2053 3953 2242 4032 presentibus

413 4062 548 4147 sigilium
577 4063 670 4128 offleii
696 4065 791 4128 nostri
819 4073 864 4128 est
891 4067 1075 4146 appositum.
1120 4065 1228 4132 Oaturn
1256 4069 1288 4130 in
1315 4073 1448 4131 erastino
1476 4067 1608 4144 Pesobe,
1642 4085 1723 4132 anno
1750 4073 1835 4152 regni
1862 4073 1944 4154 regis
1972 4071 2094 4136 iienriei
2122 4075 2241 4155 septimi

413 4185 524 4264 primo.
539 4183 575 4264 ³)

569 4301 716 4366 Nouerint
748 4303 877 4366 uniuersi
916 4321 972 4369 nos
1002 4302 1177 4370 tieterinam
1206 4305 1321 4383 Grene,
1367 4307 1544 4387 priorissam
1578 4306 1686 4371 domus
1718 4309 1805 4380 beate
1834 4309 1929 4374 biarie
1961 4310 1999 4374 rie
2014 4309 2240 4386 *Cierkenrreb

416 4425 567 4502 recepisse
589 4430 618 4484 et
639 4421 781 4486 babuisse
804 4421 852 4486 ue
886 4419 897 4502 ii
931 4423 1134 4489 eonieooionis
1166 4428 1356 4505 presencium
1389 4424 1426 4488 de
1455 4423 1628 4489 Hermanno
1661 4425 1798 4504 Piowbt,
1836 4428 2033 4493 aidremanno
2073 4429 2111 4492 rie
2152 4427 2242 4494 Stiie-

307 4623 314 4630 ·
414 4541 506 4622 perde
545 4539 679 4608 norton
724 4542 848 4632 tr'ginta
887 4543 1020 4628 qumque
1065 4543 1178 4612 solidos
1217 4559 1275 4624 pro
1317 4545 1462 4626 mntenui
1506 4544 1641 4618 redditu,
1691 4527 1819 4612 memte
1861 4547 1900 4610 de
1940 4551 2117 4616 unumne
2146 4547 2241 4628 (suo)

415 4663 478 4724 suis
511 4661 624 4724 voeatis
657 4660 686 4723 le
708 4655 890 4745 Stiieyerde
921 4659 1067 4739 predicte,
1098 4664 1209 4726 situata
1242 4663 1272 4724 in
1295 4661 1441 4741 parocbia
1463 4661 1605 4728 Omnium
1628 4661 1807 4730 Sanctorum
1830 4665 1868 4728 de
1889 4664 2070 4747 Reprobari,
2102 4666 2244 4731 videlieet

413 4793 472 4857 pro
501 4795 559 4841 rno
588 4795 669 4842 anno
690 4777 808 4861 integro
831 4779 932 4843 ritime
953 4783 1096 4859 preterito
1118 4787 1188 4844 ante
1209 4779 1312 4845 datum
1335 4783 1534 4861 presencium.
1578 4782 1611 4844 in
1632 4784 1718 4846 cuins
1746 4783 1791 4846 rei
1819 4785 2021 4847 testimonium
2050 4787 2242 4865 presentibus

412 4895 547 4979 sigim
575 4895 668 4964 oiioti
696 4899 793 4962 nostri
821 4905 867 4962 est
894 4899 1079 4980 appositam.
1123 4897 1233 4964 itatem
1266 4901 1296 4964 ia
1330 4901 1461 4965 emero
1482 4897 1614 4979 Pasebe,
1636 4917 1717 4965 anno
1747 4905 1832 4985 regni
1861 4904 1943 4985 regis
1970 4899 2090 4968 tiberim
2118 4907 2241 4984 septimi

413 5013 556 5084 secundo.
571 5015 608 5094 ⁴)

570 5267 594 5333 ¹)
623 5265 696 5320 ΗΜ·
854 5269 880 5336 ²)
909 5269 983 5325 tiss.
1137 5275 1164 5338 ³)
1193 5270 1268 5326 itur
1423 5274 1450 5339 ⁴)
1479 5273 1552 5328 tter.
