4998 6256
393 595 450 678 tt
875 583 1753 685 mffmmwmmm

391 895 560 981 XXIX.
590 895 798 1004 Auccnpen
820 897 890 978 der
908 898 1190 980 Gecclrcoomcu
1207 897 1303 978 iiber
1320 895 1384 978 dio
1399 895 1668 1000 Becielmnpec
1690 895 1761 976 der
1776 893 1998 976 Beutacdeu
2017 899 2060 974 iu
2074 894 2235 975 london

982 1076 1031 1131 su
1057 1052 1144 1132 dem
1166 1049 1474 1156 Bicclrofellrorc.
1528 1047 1644 1131 1275.
1831 1050 1835 1058 ’

964 1229 1091 1300 Civitas
1115 1229 1267 1300 london.
1291 1229 1459 1300 Eduardi
1477 1229 1506 1298 I.
1529 1251 1609 1298 one.
1627 1228 1664 1298 3.

937 1349 1138 1418 Veridicuuu
1162 1349 1275 1418 warde
1311 1348 1473 1418 Wolruore'
1505 1348 1544 1418 dc
1571 1347 1697 1418 Erico.
1744 1390 1748 1401 ι

547 1470 620 1535 ltem
644 1471 734 1533 iurati
757 1467 870 1547 dicum,
892 1472 975 1550 ntmd
997 1469 1177 1536 Tuttcniclti
1194 1477 1271 1540 ,sunt
1290 1470 1377 1534 liberi
1401 1471 1432 1532 in
1460 1470 1580 1534 deitate
1606 1472 1684 1534 sicut
1713 1479 1742 1535 et
1767 1471 1847 1540 ciues
1876 1469 2028 1546 ciusdem,
2058 1485 2115 1550 pro
2144 1476 2234 1550 porte
2259 1517 2262 1524 ,

392 1607 452 1672 que
474 1597 600 1653 vocatur
622 1588 843 1672 Bissopesgcte,
867 1605 959 1668 quam
981 1590 1153 1669 sumptibus
1175 1589 1235 1668 ipsi
1257 1605 1362 1651 eorum
1386 1589 1416 1650 in
1439 1588 1520 1652 bono
1542 1596 1622 1651 stetu
1645 1596 1676 1651 et
1697 1589 1878 1669 competenti
1896 1595 2064 1652 snsuntare
2081 1587 2233 1652 debereut.

392 1707 431 1770 lit
452 1705 543 1772 nichil
566 1705 682 1771 iaciunt
701 1707 741 1770 nd
764 1708 929 1770 mammam
951 1707 1118 1786 dampnu-
1132 1713 1171 1770 'et
1190 1705 1323 1770 dedecus
1344 1705 1459 1770 domini
1479 1705 1571 1789 llcgis
1594 1713 1624 1769 et
1644 1705 1837 1786 distance)
1945 1753 1949 1762 .

544 1825 698 1908 (iurati)
720 1825 794 1892 ltuu
815 1825 922 1892 dicum
941 1825 1022 1906 quod
1045 1824 1204 1890 Teutonici
1225 1840 1286 1890 non
1309 1825 1457 1890 sustinent
1477 1832 1599 1908 portam
1613 1841 1700 1906 duae
1723 1833 1851 1890 vocatur
1869 1823 2121 1910 Bissltopesgate,
2142 1839 2233 1904 qaam
2318 1901 2331 1917 ,

393 1944 469 2009 bene
494 1952 663 2010 sustentare
686 1941 841 2021 deberent,
863 1961 921 2024 pro
943 1961 1004 2023 qua
1026 1945 1115 2007 liberi
1137 1952 1207 2008 sunt
1230 1944 1411 2020 incivitate,
1435 1943 1473 2007 ad
1496 1959 1589 2028 grave
1609 1944 1775 2024 dampnum
1798 1945 1937 2009 civitatis.
1952 1943 1990 2023 α)

937 2143 939 2148 ι
1057 2057 1185 2126 Wcrdu
1210 2057 1365 2148 Pttttppt
1386 2057 1415 2126 lc
1442 2057 1581 2127 Tuillcr.

546 2181 619 2244 ltetn
642 2182 751 2260 (iurati
774 2179 902 2258 dicunt)
924 2187 1013 2258 porta
1035 2177 1073 2244 de
1095 2178 1345 2264 Bisshopcsgate,
1374 2184 1465 2259 quant
1493 2187 1599 2263 gentes
1620 2179 1775 2244 Dacorum
1798 2182 1963 2259 antiquitus
1985 2179 2122 2244 solebant
2144 2180 2235 2242 susti-

393 2316 464 2364 nere
486 2308 516 2364 et
537 2298 687 2364 debebant
708 2315 765 2377 pro
789 2298 927 2362 libertate
949 2314 1041 2377 quam
1062 2298 1217 2364 habcunt
1237 2301 1269 2364 in
1292 2301 1410 2364 civitate
1431 2297 1573 2376 Loudon,
1600 2315 1680 2364 nunc
1701 2315 1758 2376 per
1779 2297 1929 2364 deuotum
1950 2301 2087 2378 ipsorum
2109 2297 2155 2360 uel
2179 2313 2234 2376 po

391 2420 451 2484 tius
474 2417 656 2482 ballivorum
677 2417 807 2482 civitatis
830 2415 894 2480 lere
915 2417 1068 2480 corruitur
1090 2415 1129 2482 cd
1151 2425 1263 2484 terram
1285 2416 1323 2482 ad
1347 2433 1491 2500 magnum
1514 2416 1681 2497 periculum
1704 2418 1841 2482 civitatis.
1855 2417 1893 2495 3)

279 2731 286 2746 ,
392 2641 540 2724 XXX.
570 2642 695 2746 1(ϋηί)
709 2641 890 2746 Budolplt
910 2642 1127 2724 cmucudct
1148 2644 1234 2724 sicit
1256 2643 1354 2724 bciiu
1376 2643 1523 2746 Kduipc
1541 2642 1713 2722 udone
1728 2644 1756 2722 1.
1770 2640 1839 2744 fiir
1857 2640 2236 2742 autumationes

453 2795 745 2899 pcetrcudetcc,
776 2819 849 2874 eon
868 2793 1093 2874 littbecitcm
1108 2797 1190 2874 und
1206 2794 1391 2874 Acdcreu
1418 2792 1685 2897 bescochtctee
1706 2793 2023 2897 dumbtupisclcca
2041 2791 2174 2895 Scitiff.

1089 2943 1211 3048 1282,
1243 2949 1397 3027 Jucuor
1412 2945 1483 3026 20.
1503 2941 1541 3048 ⁴)

546 3129 706 3211 Magnifice
729 3131 872 3209 principi,
895 3129 1019 3194 domino
1034 3127 1201 3204 Eduardo,
1224 3125 1421 3209 regiduglie,
1445 3128 1543 3190 audeo
1564 3144 1621 3192 suo
1644 3129 1811 3204 carissimo,
1834 3129 1965 3210 padam
1986 3141 2073 3192 suam
2096 3137 2125 3192 et
2146 3143 2236 3192 omne

392 3248 517 3311 bonum.
563 3243 639 3310 Cum
661 3248 792 3325 quedam
816 3247 900 3311 navis
922 3246 960 3310 de
982 3244 1155 3310 tirmiorclr
1176 3245 1259 3308 dicta
1281 3242 1433 3324 Gremun,
1470 3247 1503 3309 in
1525 3262 1586 3324 quo
1609 3246 1688 3310 bona
1717 3246 1828 3310 ciuium
1858 3253 2031 3310 nostrornm
2054 3245 2236 3314 Lultecemis

391 3361 501 3446 (sict)
523 3372 551 3430 et
573 3366 703 3430 aliorum
727 3373 929 3429 mercatorum
952 3365 1039 3446 regni
1062 3363 1239 3428 Alemannie
1261 3363 1466 3442 ducebantur,
1494 3364 1576 3444 apud
1599 3365 1741 3448 angliam
1763 3365 1843 3428 circa
1866 3364 1968 3428 locum
1989 3366 2042 3442 qni
2064 3363 2236 3446 Blaleneye

392 3484 577 3564 appelleon,
601 3485 640 3547 sit
662 3501 754 3564 passe
777 3482 982 3565 naufragium,
1004 3491 1034 3546 et
1054 3482 1147 3548 iidem
1170 3483 1251 3548 cives
1274 3491 1304 3546 et
1323 3491 1510 3548 mercatores
1531 3484 1572 3548 ab
1593 3474 1888 3548 illarum'termrom
1911 3483 2020 3548 incolis
2041 3483 2099 3548 silti
2113 3485 2236 3548 umeant

392 3603 423 3664 in
446 3603 533 3666 bonis
555 3603 618 3670 suis
639 3602 834 3680 dispendium
857 3602 1006 3684 irrogari=
1029 3603 1220 3666 serenitatem
1243 3608 1373 3668 vostram
1396 3618 1544 3684 rogamus
1565 3602 1743 3680 plenissimo
1764 3619 1833 3666 cum
1856 3601 1977 3684 allecta,
2000 3609 2148 3680 omanus
2164 3617 2236 3678 pro-

392 3718 480 3783 dictis
500 3728 604 3784 nostre
626 3720 799 3784 dilectionis
823 3722 931 3790 intuitu
954 3719 1118 3800 dignemini
1140 3734 1320 3798 precavere,
1355 3738 1391 3783 ne
1412 3722 1444 3784 iu
1465 3722 1555 3786 dictis
1581 3721 1671 3784 bonis
1697 3719 1822 3799 aliquod
1848 3719 2040 3799 dispendium
2070 3720 2235 3800 patiantur,

393 3853 487 3902 necne
509 3837 590 3915 quod
614 3838 727 3902 eisdem
750 3836 872 3902 afflictis
893 3838 968 3902 satis
990 3837 1056 3902 dire
1077 3853 1269 3918 nequaqnam
1289 3836 1416 3902 afflictio
1438 3837 1535 3903 dirior
1557 3837 1720 3920 indigetur.
1764 3838 1841 3902 Data
1863 3837 2074 3917 Oppenlneim,
2098 3839 2150 3902 xiii
2173 3809 2234 3900 lcul-

394 3955 560 4018 Februarii.
582 3955 679 4037 Regni
701 3958 795 4020 nostri
817 3969 897 4019 anno
920 3971 1012 4018 nouo.

599 4071 759 4153 Magnifice
780 4075 911 4153 principi
934 4073 1058 4137 domino
1081 4071 1244 4149 Edwccdo,
1269 4075 1333 4156 regi
1355 4073 1524 4155 Anglorum
1546 4073 1669 4150 illustri,
1692 4076 1790 4138 amico
1812 4084 1916 4140 nostto
1938 4075 2107 4138 carudmo.

392 4294 562 4378 XXXI.
609 4298 825 4401 Boilcpuup
857 4299 929 4376 dcc
961 4297 1124 4378 mustos
1158 4299 1347 4378 mcccc
1378 4299 1455 4378 doc
1484 4297 1715 4398 Kuufleotou
1751 4299 1823 4380 dor
1855 4299 2070 4382 moseten
2099 4298 2235 4378 Haase

435 4457 477 4528 io
494 4450 654 4529 Londou
683 4449 766 4527 cod
796 4449 926 4528 diener
942 4448 1063 4529 stadt
1091 4476 1222 4556 coeqou
1253 4451 1325 4532 dcc
1355 4451 1501 4530 Tirones
1519 4450 1816 4558 Biclcopcspoic.
1879 4452 2001 4552 1282,
2033 4453 2134 4532 Juui.
2154 4447 2190 4553 5)

547 4631 635 4694 Anno
659 4632 745 4714 regni
768 4627 1042 4713 liegislidovardi,
1082 4631 1134 4693 lilii
1158 4633 1238 4714 regis
1260 4629 1395 4708 ilenrici,
1431 4632 1547 4695 decimo
1570 4634 1714 4710 existente
1736 4631 1866 4696 Hem-ico
1889 4633 1917 4696 le
1939 4633 2085 4718 Waleys,
2120 4632 2235 4695 maiore

392 4745 546 4828 london,
568 4766 638 4814 cum
660 4760 787 4830 propter
809 4752 927 4814 ruinam
950 4758 1040 4829 porte
1062 4751 1219 4816 cuiusdam
1242 4752 1374 4815 ciuitatis
1395 4752 1531 4830 predicte
1554 4760 1719 4816 verteretur
1746 4754 1903 4817 contencio
1930 4771 1967 4816 ex
1996 4744 2083 4831 picto
2110 4769 2184 4826 vna.
2206 4757 2238 4816 cl

546 4983 573 5047 ⁴)
599 4984 659 5036 Ans
678 4984 768 5037 Itotoll
788 4985 1002 5038 ilundredcrnm.
1022 4985 1052 5036 Τ.
1064 4989 1085 5038 l.
1105 5001 1130 5052 p.
1144 4985 1203 5041 ltu.
1367 4987 1394 5052 ¹)
1421 4987 1588 5042 Ebeudclter.
1609 5001 1634 5052 p.
1650 4985 1734 5042 dieb.
1897 4987 1923 5056 ³)
1950 4989 2115 5042 Ebendcher.
2135 5000 2160 5052 p.
2176 4984 2235 5039 lli.

548 5082 573 5149 ⁴)
601 5083 659 5136 dus
679 5085 838 5152 Enpltsclten
858 5085 991 5139 Anchisen
1018 5091 1088 5141 eiust
1106 5091 1192 5144 Herrn
1211 5091 1256 5144 nr.
1276 5091 1388 5142 sooner
1406 5091 1570 5154 mitgcthcilt.
1601 5091 1634 5156 ‚s-
1653 5091 1750 5142 dessen
1770 5091 1913 5154 liecesten.
1937 5087 2115 5146 imo-tuta.
2131 5087 2237 5145 §.385-

392 5269 465 5334 Μ
502 5269 510 5320 Ι
548 5183 574 5250 ³)
603 5185 954 5242 Urtrnndtleueticseltlcute
972 5192 1020 5244 dns
1038 5193 1192 5256 Uraprnops
1212 5193 1257 5244 der
1274 5193 1420 5246 deductor
1438 5191 1539 5247 Hecto
1558 5193 1652 5244 Ticil.
1670 5205 1693 5243 r.
1710 5193 1778 5244 urci
1795 5191 1858 5244 dem
1877 5191 2027 5257 iodtiicci
2047 5191 2234 5246 eorundem

416 5285 438 5323 rr
467 5281 535 5322 nec.
