4914 6254
416 543 504 624 124
943 537 1052 634 1461,
1078 539 1223 613 Februar
1250 541 1308 612 11.
1339 577 1390 592 -
1423 538 1737 636 14611111.

416 837 549 927 cvm
584 841 821 948 Genetagoa’as
835 841 931 923 oter
947 843 1306 950 dieFreiaoa'lb'plreil
1322 846 1394 925 des
1408 867 1481 925 111
1492 845 1567 925 den
1576 843 1805 948 Kooliecten
1816 844 1886 924 der
1897 844 2111 924 deutschen
2119 843 2254 924 111111

458 994 692 1100 geleislelen
707 993 916 1100 Beitrcges
931 1021 1004 1076 111
1019 995 1121 1074 aust
1135 1023 1204 1075 socr
1225 995 1526 1101 Uolerstittaung
1543 997 1613 1076 der
1636 997 1790 1076 Worde.
1822 993 1937 1098 1161,
1962 995 2135 1076 1111111
2151 995 2208 1075 11.

570 1175 728 1241 Vniuersis
749 1183 779 1240 et
800 1175 927 1258 singulis
949 1177 1100 1258 presentia
1123 1178 1231 1240 visens
1253 1193 1306 1241 sec
1329 1177 1391 1261 legi
1413 1175 1561 1241 audituris
1583 1176 1657 1252 llos,
1678 1175 1831 1242 lohannes
1854 1176 2016 1253 Walssba,
2039 1176 2253 1242 aldermannus

415 1294 520 1359 warde
541 1293 580 1360 de
601 1293 761 1376 Dowgate,
784 1295 915 1358 ciuitatis
935 1293 1072 1360 Loudou.
1097 1291 1108 1375 ΙΙ
1131 1293 1281 1358 llobertus
1300 1293 1430 1374 Gayton,
1451 1310 1607 1378 grocerus,
1629 1293 1763 1359 Thomas
1779 1295 1919 1374 barren,
1942 1295 2060 1372 tinctor,
2081 1293 2255 1359 willelmus

414 1412 532 1494 Boylet,
556 1413 664 1490 cissor,
686 1409 862 1476 Willelmus
885 1409 1053 1490 Gardener,
1074 1413 1280 1491 piscenarius,
1312 1410 1487 1476 Willelmos
1508 1411 1674 1494 Wylrwao,
1697 1415 1817 1490 tinctor,
1855 1411 1865 1494 ΙΙ
1903 1420 1933 1475 el
1952 1411 2107 1478 lohannes
2128 1411 2253 1492 Trewy-

414 1529 502 1607 nard,
525 1538 642 1606 tonsor,
666 1529 749 1594 ciues
770 1530 849 1594 dicte
871 1530 1000 1593 ciuitatis
1023 1537 1053 1592 et
1074 1529 1243 1594 habitantes
1255 1530 1389 1595 eiusdem
1403 1529 1526 1607 warde;
1547 1527 2252 1614 111111111611111,1111181111,

414 1647 551 1713 Tbomas
573 1646 701 1711 Baxster
729 1643 740 1726 ΙΙ
768 1655 799 1710 et
819 1645 974 1711 lebannes
995 1645 1124 1724 Broole,
1148 1665 1226 1710 nunc
1249 1648 1427 1712 collectores
1448 1647 1581 1712 eiusdem
1603 1648 1710 1712 warde
1730 1648 1888 1714 cuiusdam
1910 1649 2038 1727 pecunie
2059 1664 2177 1711 summe
2199 1647 2254 1710 do-

413 1769 498 1828 mino
520 1767 585 1848 regi
607 1764 770 1845 prestanda
792 1766 822 1827 in
845 1767 966 1829 ciuitate
987 1765 1135 1844 predicta,
1158 1765 1289 1830 salutem
1311 1768 1342 1828 in
1364 1765 1505 1828 Domino.
1549 1762 1674 1842 Sciatis,
1711 1765 1793 1844 quod
1815 1775 1918 1830 tenore
1941 1767 2125 1846 presentium
2149 1781 2255 1846 recog-

414 1885 578 1960 noscimus,
601 1897 668 1958 nos,
691 1883 844 1961 predictos
872 1881 1122 1959 aldemannum,
1155 1882 1324 1947 habitantes
1353 1891 1382 1946 et
1409 1882 1588 1946 collectores
1615 1899 1672 1963 pro
1699 1884 1787 1947 nobis
1813 1901 1849 1947 ac
1876 1890 1939 1947 toto
1968 1884 2091 1948 ciuitate
2119 1882 2254 1963 predicte

413 1998 520 2086 warde
541 2000 691 2078 recepisse
712 1999 762 2064 die
783 1998 923 2064 datarum
945 2003 1131 2080 presentium
1153 2003 1271 2064 ratione
1293 1999 1462 2066 amicabilis
1485 2003 1581 2064 mutui
1605 2007 1634 2062 al
1647 2001 1861 2078 praestationis
1874 1999 1912 2066 de
1929 2004 2020 2066 certis
2034 2000 2255 2066 mematortbus

413 2115 515 2182 Haoze
537 2114 723 2180 Theutonice
745 2119 777 2180 io
797 2116 878 2182 diota
900 2117 1007 2182 warda
1029 2133 1109 2180 nunc
1131 2119 1327 2182 existentibus
1345 2119 1449 2200 viginti
1472 2117 1567 2182 libras
1587 2117 1813 2199 stadingorum,
1836 2133 1914 2197 quos
1929 2119 1989 2196 ipsi
2002 2115 2253 2196 111-1111111111

413 2234 590 2298 auctoritate
611 2232 649 2298 de
670 2235 758 2298 bonis
778 2236 842 2310 suis
863 2243 893 2298 et
913 2251 974 2305 uon
997 2237 1117 2300 nomiue
1138 2237 1362 2300 communitatis
1390 2238 1541 2301 dictorum
1564 2243 1765 2300 mercatorum
1786 2235 1887 2299 llaune
1913 2236 2001 2300 nobis
2027 2236 2059 2298 in
2082 2236 2254 2300 releuameo

412 2353 637 2416 communitatis
663 2351 744 2418 dicte
773 2353 879 2418 warde
899 2369 957 2431 pro
979 2355 1113 2432 presenti
1134 2361 1271 2434 tempore
1292 2352 1331 2417 ad
1354 2369 1442 2418 usum
1464 2353 1580 2417 domini
1602 2354 1684 2434 regis
1705 2368 1799 2431 penes
1824 2353 2010 2418 solucionem
2029 2351 2110 2416 dicte
2137 2369 2254 2416 summe

412 2471 456 2533 sic
478 2467 641 2549 prestanda
661 2477 846 2551 prosternat,
868 2486 929 2532 oon
951 2487 990 2534 ex
1011 2469 1079 2551 lege
1096 2471 1384 2548 nec,consuetndine
1405 2471 1508 2549 aliqua
1530 2469 1674 2534 hactenus
1696 2471 1815 2548 usitata,
1838 2474 1866 2534 ri
1888 2485 1985 2548 neque
2007 2477 2115 2534 111111
2136 2469 2175 2534 ad
2196 2469 2254 2534 boe

412 2585 514 2665 ducti,
548 2595 593 2652 set
615 2605 652 2652 ex
674 2603 758 2652 mera
781 2597 811 2651 et
831 2595 1000 2666 spontanea
1028 2601 1134 2650 eorum
1157 2587 1310 2652 volontate
1339 2587 1379 2652 ad
1408 2589 1587 2652 instanciam
1617 2596 1647 2651 et
1672 2589 1867 2670 rogacionem
1893 2588 2036 2652 llicbardi
2065 2588 2140 2665 Lea,
2173 2605 2252 2656 manc

414 2704 557 2782 maioris,
591 2713 620 2768 et
641 2703 910 2768 aldermannorum
932 2704 1011 2768 dicte
1032 2706 1163 2769 ciuitatis
1184 2713 1342 2788 gratanter
1362 2712 1546 2786 prestarent.
1597 2705 1635 2768 Et
1656 2705 1860 2786 promittimus
1887 2723 1961 2783 nes,
1995 2705 2125 2787 predicti
2154 2705 2251 2769 alder-

413 2837 553 2899 maoous,
575 2820 746 2887 habitantes
769 2831 797 2886 et
819 2821 997 2887 collectores
1019 2839 1077 2903 pro
1099 2823 1187 2886 nobis
1209 2841 1245 2887 ae
1267 2823 1481 2888 communitate
1502 2840 1538 2886 ac
1559 2824 1787 2888 successoribus
1808 2824 2012 2910 uostrisdicte
2032 2825 2149 2899 warde,
2171 2825 2251 2904 quod

412 2939 549 3018 predicta
571 2944 719 3020 prestatio
742 2941 848 3022 viginti
869 2940 1018 3004 librarum
1039 2957 1193 3021 nunquam
1216 2945 1246 3004 in
1268 2943 1468 3023 preludieium
1490 2941 1579 3005 dictis
1599 2943 1830 3020 mercatoribus,
1853 2944 2064 3008 communitati
2087 2941 2252 3006 eorumrel

414 3057 642 3122 successoribus
663 3060 728 3122 suis
750 3067 803 3121 aut
823 3057 997 3122 libertatum
1019 3075 1143 3124 suarum
1166 3063 1210 3123 ais
1232 3059 1379 3124 hactenus
1400 3073 1614 3124 concessarum
1636 3075 1689 3122 seu
1710 3060 1962 3125 consuetudinum
1980 3075 2106 3124 suarum
2119 3066 2251 3124 vertatur

413 3175 460 3239 rel
480 3173 673 3256 dispendium
695 3173 757 3237 nllo
779 3173 882 3252 modo,
903 3191 958 3240 nac
979 3175 1062 3255 quod
1079 3193 1171 3240 causa
1188 3176 1282 3240 libere
1298 3177 1492 3255 prestationia
1505 3175 1652 3255 predicte,
1673 3178 1700 3240 si
1718 3193 1778 3256 que
1792 3194 1848 3241 nos
1863 3177 1909 3242 rel
1926 3193 2117 3242 macessores
2132 3187 2250 3242 nostros

412 3292 491 3356 dicte
512 3289 619 3356 warde
640 3293 671 3356 in
693 3289 763 3354 altis
784 3292 992 3358 consimilibus
1014 3295 1046 3357 in
1067 3303 1225 3373 posterum
1248 3294 1351 3358 subire
1372 3295 1549 3377 contigerit,
1584 3309 1675 3373 quam
1703 3311 1813 3375 urgeos
1835 3295 1925 3360 etiam
1948 3297 2111 3360 necessitas
2132 3297 2249 3372 existat,

411 3409 484 3474 dicti
506 3417 692 3474 mercatores
713 3407 815 3474 llanze
837 3417 866 3473 et
887 3412 1089 3476 communitas
1118 3427 1223 3476 eorum
1251 3411 1298 3475 rel
1320 3426 1426 3476 eorum
1448 3427 1640 3478 soccessores
1661 3429 1722 3476 non
1744 3419 1909 3476 onerenbrr
1929 3413 1960 3476 iu
1982 3412 2086 3491 aliquo
2107 3429 2163 3477 nec
2182 3431 2249 3496 gra·

413 3535 523 3594 uantur
545 3527 614 3591 rllis
636 3527 824 3605 temporibus
845 3528 877 3590 in
898 3526 1045 3594 btturum.
1090 3528 1239 3594 Volumus
1261 3531 1362 3607 etiam,
1383 3529 1466 3609 quod
1486 3531 1557 3611 ipsi,
1580 3530 1627 3594 rel
1649 3547 1756 3594 eorum
1776 3527 1991 3596 dbeotona'rus
2008 3527 2250 3598 dldcrrnonnnr

410 3645 562 3709 dictorum
585 3653 788 3709 mercatorum
810 3661 869 3725 pro
892 3654 1028 3728 tempore
1049 3651 1209 3712 umentes
1231 3657 1455 3726 consequantur
1476 3655 1506 3710 et
1527 3647 1658 3713 babeant
1680 3648 1806 3713 eandem
1829 3650 2085 3714 assecurationem
2112 3659 2142 3714 et
2169 3650 2250 3713 solu-

411 3767 522 3828 tionem
544 3762 694 3828 dietarum
715 3764 821 3847 viginti
842 3763 990 3846 librarum
1012 3765 1044 3828 in
1066 3764 1180 3831 eisdem
1202 3765 1310 3830 formis
1332 3774 1361 3830 et
1384 3767 1571 3848 temporibus
1593 3783 1650 3848 pro
1673 3775 1739 3832 rata
1760 3765 1942 3845 eorundem,
1976 3767 2083 3846 quales
2104 3769 2203 3832 maior
2223 3777 2253 3832 et

410 3885 609 3946 communitas
631 3881 710 3946 dicte
731 3881 862 3946 ciuitatis
884 3899 903 3945 a
925 3882 1050 3949 domiuo
1072 3901 1145 3968 rege
1166 3884 1214 3950 vel
1236 3886 1366 3950 dominis
1387 3885 1426 3949 de
1449 3886 1578 3950 consilio
1599 3901 1656 3950 suo
1678 3885 1824 3965 recipient
1844 3893 1874 3948 et
1895 3884 2060 3963 babebuot,
2082 3895 2175 3965 prout
2194 3885 2252 3950 lnoc

410 4000 501 4065 eliam
518 4001 551 4064 iu
569 3999 649 4063 libro
661 3999 821 4081 Guybalde
839 4000 969 4066 ciuitatis
986 4003 1122 4082 predicte
1138 4002 1259 4068 literak
1274 4007 1463 4087 consignato,
1485 4002 1560 4068 lolio
1571 4000 1706 4067 cecum
1720 4004 1818 4068 eruut
1827 4003 2031 4068 inarctatum.
2058 4002 2091 4068 ln
2105 4005 2193 4068 cuiue
2208 4007 2254 4068 rei

410 4119 614 4186 testimonium
637 4120 828 4200 presentibus
848 4120 951 4202 sigilla
973 4131 1078 4188 nostra
1098 4123 1276 4205 singillatim
1303 4123 1514 4204 apposuimus.
1560 4120 1668 4186 Datum
1695 4121 1854 4186 undecimo
1875 4121 1925 4186 die
1946 4125 2060 4187 mensis
2081 4121 2248 4200 Februarii,

408 4235 497 4302 bono
519 4237 607 4319 remi
628 4235 720 4318 llegis
741 4235 863 4302 llenrici
884 4240 960 4303 sexti
982 4248 1052 4320 post
1073 4250 1273 4322 conquestum
1296 4241 1447 4306 tricesimu
1470 4255 1562 4304 nouo.

411 4403 565 4494 CVIII.
610 4409 735 4515 nonu
757 4409 930 4491 Edwcrd
952 4411 978 4492 1
980 4411 1019 4492 V.
1052 4413 1215 4494 erbielel
1245 4415 1331 4493 aicb
1360 4438 1484 4517 gegen
1510 4412 1586 4493 den
1606 4411 1784 4492 11111
1809 4411 2019 4518 1111111119,
2052 4413 2129 4494 dea
2149 4413 2252 4518 frede

442 4560 658 4666 (11111111
682 4563 747 4644 die
759 4561 923 4646 Horasen
944 4563 1022 4668 111
1037 4565 1267 4680 1111111111
1289 4590 1337 4646 aar
1357 4565 1589 4670 1111111111
1611 4567 1693 4646 rard
1710 4564 1912 4648 Geenodle
1935 4567 2040 4648 nocb
2060 4566 2220 4648 Utreclat

954 4740 1002 4796 aar
1027 4717 1222 4798 acbiclren.
1282 4713 1400 4819 1165,
1430 4719 1585 4798 dortour
1604 4717 1645 4798 3.
1667 4717 1702 4820 ¹)

563 4876 744 4957 Edwardus,
766 4877 822 4942 liei
843 4883 949 4963 gracia
971 4897 1026 4946 rex
1047 4879 1158 4963 buglis
1180 4889 1210 4944 et
1231 4881 1357 4946 Francis
1379 4890 1409 4946 et
1430 4882 1572 4946 dominus
1594 4881 1752 4961 Hibernia,
1783 4882 2001 4962 spectabilibus
2023 4890 2052 4946 et
2073 4836 2251 4948 clarissimis

410 4994 493 5073 rins,
515 4993 751 5062 Proconsulibus
772 5005 802 5061 et
824 4997 1009 5064 Consulibus
1031 5001 1160 5066 civitatis
1181 4999 1432 5084 llamborgeosls,
1454 5001 1560 5066 amicis
1583 5003 1694 5066 uostris
1716 5003 1901 5079 carissimis,
1931 5001 2061 5068 salutem
2082 5003 2250 5081 plurimam

566 5195 590 5263 Ι)
615 5195 676 5248 111
694 5198 766 5252 eluar
782 5195 921 5254 absono
937 5200 975 5254 lm
993 5201 1154 5268 bambergae
1170 5201 1294 5256 anatra
